@misc{LucasNTT,
	title = {{LucasNTT} {Website}},
	year = {2025},
	howpublished = {\url{https://lucasntt.github.io}},
	author = {Guillaume P. Hérault}
}

@misc{LucasNTT_about,
	title = {{LucasNTT} {Website} {-} {About}},
	year = {2025},
	howpublished = {\url{https://lucasntt.github.io/about.html}},
	author = {Guillaume P. Hérault}
}

@misc{LucasNTT_butterfly,
	title = {{LucasNTT} {Website} {-} {Butterfly} {Diagrams}},
	year = {2025},
	howpublished = {\url{https://lucasntt.github.io/butterfly.html}},
	author = {Guillaume P. Hérault}
}

@misc{LucasNTT_calculator,
	title = {{LucasNTT} {Website} {-} {Online} {Calculators}},
	year = {2025},
	howpublished = {\url{https://lucasntt.github.io/calculator.html}},
	author = {Guillaume P. Hérault}
}

@misc{LucasNTT_documents,
	title = {{LucasNTT} {Website} {-} {Documents}},
	year = {2025},
	howpublished = {\url{https://lucasntt.github.io/documents.html}},
	author = {Guillaume P. Hérault}
}

@misc{LucasNTT_download,
	title = {{LucasNTT} {Website} {-} {Download}},
	year = {2025},
	howpublished = {\url{https://lucasntt.github.io/download.html}},
	author = {Guillaume P. Hérault}
}

@misc{LucasNTT_laboratory,
	title = {{LucasNTT} {Website} {-} {FFT} {Laboratory}},
	year = {2025},
	howpublished = {\url{https://lucasntt.github.io/laboratory.html}},
	author = {Guillaume P. Hérault}
}

@misc{LucasNTT_library,
	title = {{LucasNTT} {Website} {-} {Library}},
	year = {2025},
	howpublished = {\url{https://lucasntt.github.io/library.html}},
	author = {Guillaume P. Hérault}
}

@misc{LucasNTT_matrix,
	title = {{LucasNTT} {Website} {-} {Matrix} {Calculator}},
	year = {2025},
	howpublished = {\url{https://lucasntt.github.io/matrix.html}},
	author = {Guillaume P. Hérault}
}

@misc{LucasNTT_multiplication,
	title = {{LucasNTT} {Website} {-} {Fast} {Multiplication}},
	year = {2025},
	howpublished = {\url{https://lucasntt.github.io/multiplication.html}},
	author = {Guillaume P. Hérault}
}

@misc{LucasNTT_nttanalysis,
	title = {{LucasNTT} {Website} {-} {NTT} {Analysis}},
	year = {2025},
	howpublished = {\url{https://lucasntt.github.io/nttanalysis.html}},
	author = {Guillaume P. Hérault}
}

@misc{LucasNTT_unifying,
	title = {{LucasNTT} {Website} {-} {Unifying} {FFT} {Matrix} {Factorization}},
	year = {2025},
	howpublished = {\url{https://lucasntt.github.io/unifying.html}},
	author = {Guillaume P. Hérault}
}

@misc{LucasNTT_website,
	title = {{LucasNTT} {Website} {-} {This} {Website}},
	year = {2025},
	howpublished = {\url{https://lucasntt.github.io/website.html}},
	author = {Guillaume P. Hérault}
}

@misc{GIMPS,
	title = {{GIMPS} {-} {Great} {Internet} {Mersenne} {Prime} {Search}},
	year = {1996},
	howpublished = {\url{https://www.mersenne.org/}},
	author = {}
}

@misc{ncw94,
	title = {{Integer} {DWTs} {mod} {$2^{64}-2^{32}+1$}},
	year = {1994},
	howpublished = {\url{https://www.craig-wood.com/nick/armprime/math/}},
	author = {{Nick Craig-Wood}}
}

@misc{ncw14,
	author = {Nick Craig-Wood},
	title = {iprime: All-integer Mersenne prime checker},
	year = {2014},
	howpublished = {\url{https://github.com/ncw/iprime}}
}

@misc{LucasNTT_FFT_Lengths,
	title = {{LucasNTT} {-} {FFT} {Lengths} {And} {Performances}},
	year = {2025},
	howpublished = {\url{https://github.com/LucasNTT/documents/tree/main/Performances}},
	author = {Guillaume P. Hérault}
}

@misc{zk1,
  title        = {Plonky2: Fast recursive SNARKs},
  author       = {{Polygon Zero}},
  year         = {2022},
  howpublished = {\url{https://github.com/0xPolygonZero/plonky2}}
}

@misc{zk2,
  title        = {Polygon zkEVM Documentation},
  author       = {{Polygon Labs}},
  year         = {2023},
  howpublished = {\url{https://wiki.polygon.technology/docs/zkEVM/overview}}
}

@misc{zk3,
  title        = {Boojum Upgrade: zkSync Era’s New High-performance Proof System for Radical Decentralization},
  author       = {{zkSync Team}},
  year         = {2023},
  month        = {July},
  howpublished = {\url{https://zksync.mirror.xyz/HJ2Pj45EJkRdt5Pau-ZXwkV2ctPx8qFL19STM5jdYhc}}
}

@misc{mon96,
  author       = {Peter-Lawrence Montgomery},
  title        = {Using DFT's modulo a prime (long)},
  year         = {1996},
  month        = {July 8},
  howpublished = {\url{https://www.mersenne.org/various/intfft.txt}}
}

@misc{apg2021,
  author       = {apgoucher},
  title        = {An Efficient Prime for Number-Theoretic Transforms},
  year         = {2021},
  month        = {September 1},
  howpublished = {\url{https://cp4space.hatsya.com/2021/09/01/an-efficient-prime-for-number-theoretic-transforms/}}
}@misc{AB74,
	title = {\href{https://lucasntt.github.io/library.html?tags=AB74}{{Fast} {Convolution} {Using} {Fermat} {Number} {Transforms} {with} {Applications} {to} {Digital} {Filtering}}},
	year = {1974},
	author = {Agarwal, Ramesh C. and Burrus, Charles S.}
}

@article{AB74b,
	title = {\href{https://lucasntt.github.io/library.html?tags=AB74b}{{Fast} {One-Dimensional} {Digital} {Convolution} {by} {Multidimensional} {Techniques}}},
	year = {1974},
	author = {Agarwal, Ramesh C. and Burrus, Charles S.},
	doi = {10.1109/tassp.1974.1162532},
	url = {https://doi.org/10.1109%2Ftassp.1974.1162532},
	month = {feb},
	publisher = {Institute of Electrical and Electronics Engineers ({IEEE})},
	volume = {22},
	number = {1},
	pages = {1--10},
	journal = {{IEEE} Transactions on Acoustics, Speech, and Signal Processing}
}

@misc{AB75,
	title = {\href{https://lucasntt.github.io/library.html?tags=AB75}{{Number} {Theoretic} {Transforms} {to} {Implement} {Fast} {Digital} {Convolution}}},
	year = {1975},
	author = {Agarwal, Ramesh C. and Burrus, Charles S.}
}

@misc{ABGGKL16,
	title = {\href{https://lucasntt.github.io/library.html?tags=ABGGKL16}{{NFLlib} {NTT-based} {Fast} {Lattice} {Library}}},
	year = {2016},
	author = {Aguilar-Melchor, Carlos and Barrier, Joris and Guelton, Serge and Guinet, Adrien and Killijian, Marc-Olivier and Lepoint, Tancrede}
}

@misc{AC86,
	title = {\href{https://lucasntt.github.io/library.html?tags=AC86}{{Fourier} {transform} {and} {convolution} {subroutines} {for} {the} {IBM} {3090} {Vector} {Facility}}},
	year = {1986},
	author = {Agarwal, Ramesh C. and Cooley, James W.}
}

@misc{AC87,
	title = {\href{https://lucasntt.github.io/library.html?tags=AC87}{{Vectorized} {Mixed} {Radix} {Discrete} {Fourier} {Transform} {Algorithms}}},
	year = {1987},
	author = {Agarwal, Ramesh C. and Cooley, James W.}
}

@misc{AD94,
	title = {\href{https://lucasntt.github.io/library.html?tags=AD94}{{Efficient} {Overlapped} {FFT} {Algorithms} {for} {Hypercube-Connected} {Multicomputers}}},
	year = {1994},
	author = {Aykanat, Cevdet and Dervis, Argun}
}

@misc{AGZ94,
	title = {\href{https://lucasntt.github.io/library.html?tags=AGZ94}{{A} {High} {Performance} {Parallel} {Algorithm} {for} {1-D} {FFT}}},
	year = {1994},
	author = {Agarwal, Ramesh C. and Gustavson, F.G. and Zubair, M.}
}

@misc{AH11,
	title = {\href{https://lucasntt.github.io/library.html?tags=AH11}{{A} {Comparative} {Benchmarking} {of} {the} {FFT} {on} {Fermi} {and} {Evergreen} {GPUs}}},
	year = {2011},
	author = {Ahmed, Mohamed F. and Haridy, Omar}
}

@misc{AJS07,
	title = {\href{https://lucasntt.github.io/library.html?tags=AJS07}{{Adaptive} {Computation} {of} {Self} {Sorting} {In-Place} {FFTs} {on} {Hierarchical} {Memory} {Architectures}}},
	year = {2007},
	author = {Ali, Ayaz and Johnsson, Lennart and Subhlok, Jaspal}
}

@misc{AKS02,
	title = {\href{https://lucasntt.github.io/library.html?tags=AKS02}{{Primes} {is} {in} {P}}},
	year = {2002},
	author = {Agrawal, Manindra and Kayal, Neeraj and Saxena, Nitin}
}

@misc{AL88,
	title = {\href{https://lucasntt.github.io/library.html?tags=AL88}{{A} {Segmented} {FFT} {Algorithm} {for} {Vector} {Computers}}},
	year = {1988},
	author = {Ashworth, Mike and Lyne, Andrew G.}
}

@misc{Ala07,
	title = {\href{https://lucasntt.github.io/library.html?tags=Ala07}{{Application} {de} {la} {transformée} {en} {nombres} {entiers} {à} {la} {conception} {d'algorithmes} {de} {faible} {complexité} {pour} {l’annulation} {d’échos} {acoustiques}}},
	year = {2007},
	author = {Alaeddine, Hamzé}
}

@misc{Arn10,
	title = {\href{https://lucasntt.github.io/library.html?tags=Arn10}{{Matters} {Computational}}},
	year = {2010},
	author = {Arndt, Jörg}
}

@misc{Arn12,
	title = {\href{https://lucasntt.github.io/library.html?tags=Arn12}{{An} {in-place} {Truncated} {Fourier} {Transform} {algorithm}}},
	year = {2012},
	author = {Arnold, Andrew}
}

@misc{Arn12,
	title = {\href{https://lucasntt.github.io/library.html?tags=Arn12}{{An} {in-place} {weighted} {truncated} {Fourier} {transform} {with} {applications} {to} {polynomial} {multiplication}}},
	year = {2012},
	author = {Arnold, Andrew}
}

@misc{Arn13,
	title = {\href{https://lucasntt.github.io/library.html?tags=Arn13}{{A} {new} {Truncated} {Fourier} {Transform} {algorithm}}},
	year = {2013},
	author = {Arnold, Andrew}
}

@misc{ASES12,
	title = {\href{https://lucasntt.github.io/library.html?tags=ASES12}{{High} {Performance} {Multi-dimensional} {(2D-3D)} {FFT-Shift} {Implementation} {on} {Graphics} {Processing} {Units} {(GPUs)}}},
	year = {2012},
	author = {Abdellah, Marwan and Saleh, Salah and Eldeib, Ayman and Shaarawi, Amr}
}

@misc{Atn23,
	title = {\href{https://lucasntt.github.io/library.html?tags=Atn23}{{A} {simpler} {alternative} {to} {Lucas-Lehmer-Riesel} {primality} {test}}},
	year = {2023},
	author = {Atnashev, Pavel}
}

@misc{Atn23b,
	title = {\href{https://lucasntt.github.io/library.html?tags=Atn23b}{{Multiplication,} {exponentiation} {and} {factorization} {of} {big} {numbers}}},
	year = {2023},
	author = {Atnashev, Pavel}
}

@misc{Avi61,
	title = {\href{https://lucasntt.github.io/library.html?tags=Avi61}{{Signed-Digit} {Number} {Representations} {for} {Fast} {Parallel} {Arithmetic}}},
	year = {1961},
	author = {Avizienis, Algirdas}
}

@misc{AZ14,
	title = {\href{https://lucasntt.github.io/library.html?tags=AZ14}{{Three} {Dimensional} {Fast} {Fourier} {Transform} {CUDA} {Implementation}}},
	year = {2014},
	author = {Aatish, Kumar and Zhang, Boyan}
}

@misc{BA00,
	title = {\href{https://lucasntt.github.io/library.html?tags=BA00}{{Number} {Theoretic} {Transform} {Modulo} {K}}},
	year = {2000},
	author = {Bhattacharya, M. and Astola, J.}
}

@misc{Baa05,
	title = {\href{https://lucasntt.github.io/library.html?tags=Baa05}{{A} {Generalized} {Cached-FFT} {Algorithm}}},
	year = {2005},
	author = {Baas, Bevan M.}
}

@misc{Baa99,
	title = {\href{https://lucasntt.github.io/library.html?tags=Baa99}{{An} {Approach} {to} {Low} {Power,} {High-Performance,} {Fast} {Fourier} {Transform} {Processor} {Design}}},
	year = {1999},
	author = {Baas, Bevan M.}
}

@misc{Bai10,
	title = {\href{https://lucasntt.github.io/library.html?tags=Bai10}{{OpenCL} {Fast} {Fourier} {Transform}}},
	year = {2010},
	author = {Bainville},
	howpublished = {\url{http://www.bealto.com/gpu-fft_intro.html}}
}

@misc{Bai86,
	title = {\href{https://lucasntt.github.io/library.html?tags=Bai86}{{A} {High-Performance} {Fast} {Fourier} {Transform} {Algorithm} {for} {the} {Cray-2}}},
	year = {1986},
	author = {Bailey, David H.}
}

@misc{Bai87,
	title = {\href{https://lucasntt.github.io/library.html?tags=Bai87}{{A} {High-Performance} {FFT} {Algorithm} {for} {Vector} {Supercomputers}}},
	year = {1987},
	author = {Bailey, David H.}
}

@misc{Bai89,
	title = {\href{https://lucasntt.github.io/library.html?tags=Bai89}{{FFTs} {in} {External} {or} {Hierarchical} {Memory}}},
	year = {1989},
	author = {Bailey, David H.}
}

@misc{Ban13,
	title = {\href{https://lucasntt.github.io/library.html?tags=Ban13}{{Speed} {up} {Large} {Integer} {Multiplication} {Using} {Fourier} {Transforms} {and} {CUDA} {Technology}}},
	year = {2013},
	author = {Bantikyan, Hovhannes}
}

@misc{Ban14,
	title = {\href{https://lucasntt.github.io/library.html?tags=Ban14}{{Big} {Integer} {Multiplication} {with} {CUDA} {FFT} {(cuFFT)} {Library}}},
	year = {2014},
	author = {Bantikyan, Hovhannes}
}

@misc{Ban14b,
	title = {\href{https://lucasntt.github.io/library.html?tags=Ban14b}{{Implementation} {of} {Parallel} {Fast} {Hartley} {Transform} {(FHT)} {Using} {Cuda}}},
	year = {2014},
	author = {Bantikyan, Hovhannes}
}

@misc{BCA04,
	title = {\href{https://lucasntt.github.io/library.html?tags=BCA04}{{Some} {Historical} {Notes} {on} {Number} {Theoretic} {Transform}}},
	year = {2004},
	author = {Bhattacharya, M. and Creutzburg, R. and Astola, J.}
}

@misc{BCEM93,
	title = {\href{https://lucasntt.github.io/library.html?tags=BCEM93}{{Irregular} {Primes} {and} {Cyclotomic} {Invariants} {to} {Four} {Million}}},
	year = {1993},
	author = {Buhler, J. and Crandall, Richard and Ernvall, R. and Metsänkylä, T.}
}

@misc{BCEMS01,
	title = {\href{https://lucasntt.github.io/library.html?tags=BCEMS01}{{Irregular} {Primes} {and} {Cyclotomic} {Invariants} {to} {12} {Million}}},
	year = {2001},
	author = {Buhler, Joe and Crandall, Richard and Ernvall, Reijo and Metsankyla, Tauno and Shokrollahik, Amin}
}

@misc{BCH96,
	title = {\href{https://lucasntt.github.io/library.html?tags=BCH96}{{Comparative} {Analysis} {of} {FFT} {Algorithms} {in} {Sequential} {and} {Parallel} {Form}}},
	year = {1996},
	author = {Balducci, Michael and Choudary, Ajitha and Hamaker, Jonathan}
}

@misc{BCS92,
	title = {\href{https://lucasntt.github.io/library.html?tags=BCS92}{{Irregular} {Primes} {to} {One} {Million}}},
	year = {1992},
	author = {Buhler, J. P. and Crandall, Richard and Sompolski, R. W.}
}

@misc{Ber01,
	title = {\href{https://lucasntt.github.io/library.html?tags=Ber01}{{Multidigit} {Multiplication} {for} {Mathematicians}}},
	year = {2001},
	author = {Bernstein, Daniel J.}
}

@misc{Ber07,
	title = {\href{https://lucasntt.github.io/library.html?tags=Ber07}{{The} {tangent} {FFT}}},
	year = {2007},
	author = {Bernstein, Daniel J.}
}

@misc{Ber16,
	title = {\href{https://lucasntt.github.io/library.html?tags=Ber16}{{Adaptation} {du} {calcul} {de} {la} {Transformée} {de} {Fourier} {Rapide} {sur} {une} {architecture} {mixte} {CPU} {GPU} {intégrée}}},
	year = {2016},
	author = {Bergach, Mohamed Amine}
}

@misc{BFJPS09,
	title = {\href{https://lucasntt.github.io/library.html?tags=BFJPS09}{{Fast} {Fourier} {Transforms}}},
	year = {2009},
	author = {Burrus, C. Sidney and Frigo, Matteo and Johnson, Steven G. and Pueschel, Markus and Selesnick, Ivan}
}

@misc{BGDCD99,
	title = {\href{https://lucasntt.github.io/library.html?tags=BGDCD99}{{Parametrizable} {Behavioral} {IP} {Module} {for} {a} {Data-Localized} {Low-Power} {FFT}}},
	year = {1999},
	author = {Brockmeyer, E. and Ghez, C. and D'Eer, J. and Catthoor, F. and Man, H. De}
}

@misc{BGTZ08,
	title = {\href{https://lucasntt.github.io/library.html?tags=BGTZ08}{{Faster} {Multiplication} {in} {GF(2)[x]}}},
	year = {2008},
	author = {Brent, Richard P. and Gaudry, Pierrick and Thomé, Emmanuel and Zimmermann, Paul}
}

@misc{BH95,
	title = {\href{https://lucasntt.github.io/library.html?tags=BH95}{{The} {DFT} {-} {an} {Owners} {Manual} {for} {the} {Discrete} {Fourier} {Transform}}},
	year = {1995},
	author = {Briggs, William L. and Henson, Van Emden}
}

@misc{Bha13,
	title = {\href{https://lucasntt.github.io/library.html?tags=Bha13}{{The} {Math} {Trick} {Behind} {MP3s,} {JPEGs,} {and} {Homer} {Simpsons} {Face}}},
	year = {2013},
	author = {Bhatia, Aatish},
	howpublished = {\url{http://nautil.us/blog/the-math-trick-behind-mp3s-jpegs-and-homer-simpsons-face}}
}

@misc{Bla12,
	title = {\href{https://lucasntt.github.io/library.html?tags=Bla12}{{Computing} {the} {Fast} {Fourier} {Transform} {on} {SIMD} {Microprocessors}}},
	year = {2012},
	author = {Blake}
}

@misc{BLH05,
	title = {\href{https://lucasntt.github.io/library.html?tags=BLH05}{{A} {highly} {efficient} {modular} {Multiplication} {Algorithm} {for} {Finite} {Field} {Arithmetic} {in} {GF(P)}}},
	year = {2005},
	author = {Blümel, Rainer and Lauea, Ralf and Hussa, Sorin A.}
}

@misc{BN97,
	title = {\href{https://lucasntt.github.io/library.html?tags=BN97}{{Arbitrary} {Precision} {Arithmetic} {-} {SIMD} {Style}}},
	year = {1997},
	author = {Balakrishnan, S. and Nandy, S. K.}
}

@article{Boo80,
	title = {\href{https://lucasntt.github.io/library.html?tags=Boo80}{{FFT} {as} {Nested} {Multiplication,} {With} {a} {Twist}}},
	year = {1980},
	author = {Boor, Carl de},
	doi = {10.1137/0901009},
	url = {https://doi.org/10.1137%2F0901009},
	month = {mar},
	publisher = {Society for Industrial {\&} Applied Mathematics ({SIAM})},
	volume = {1},
	number = {1},
	pages = {173--178},
	journal = {{SIAM} Journal on Scientific and Statistical Computing}
}

@misc{BPS07,
	title = {\href{https://lucasntt.github.io/library.html?tags=BPS07}{{Multi-dimensional} {Array} {Memory} {Accesses} {for} {FFTs} {on} {Parallel} {Architectures}}},
	year = {2007},
	author = {Bientinesi, Paolo and Pitsianis, Nikos P. and Sun, Xiaobai}
}

@article{Bra84,
	title = {\href{https://lucasntt.github.io/library.html?tags=Bra84}{{The} {Fast} {Hartley} {Transform}}},
	year = {1984},
	author = {Bracewell, R.N.},
	doi = {10.1109/proc.1984.12968},
	url = {https://doi.org/10.1109%2Fproc.1984.12968},
	publisher = {Institute of Electrical and Electronics Engineers ({IEEE})},
	volume = {72},
	number = {8},
	pages = {1010--1018},
	journal = {Proceedings of the {IEEE}}
}

@article{Bre74,
	title = {\href{https://lucasntt.github.io/library.html?tags=Bre74}{{The} {Parallel} {Evaluation} {of} {General} {Arithmetic} {Expressions}}},
	year = {1974},
	author = {Brent, Richard P.},
	doi = {10.1145/321812.321815},
	url = {https://doi.org/10.1145%2F321812.321815},
	month = {apr},
	publisher = {Association for Computing Machinery ({ACM})},
	volume = {21},
	number = {2},
	pages = {201--206},
	journal = {Journal of the {ACM} ({JACM})}
}

@misc{Bre99,
	title = {\href{https://lucasntt.github.io/library.html?tags=Bre99}{{Factorization} {of} {the} {Tenth} {Fermat} {Number}}},
	year = {1999},
	author = {Brent, Richard P.}
}

@book{Bri74,
	title = {\href{https://lucasntt.github.io/library.html?tags=Bri74}{{The} {Fast} {Fourier} {Transform}}},
	year = {1974},
	author = {Brigham, E. Oran},
	pages = {252},
	publisher = {Prentice Hall},
	isbn = {978-0133074963},
	isbn10 = {013307496X}
}

@misc{BS06,
	title = {\href{https://lucasntt.github.io/library.html?tags=BS06}{{Achieving} {Efficient} {Polynomial} {Multiplication} {in} {Fermat} {Fields} {Using} {the} {Fast} {Fourier} {Transform}}},
	year = {2006},
	author = {Baktir, Selçuk and Sunar, Berk}
}

@misc{BS90,
	title = {\href{https://lucasntt.github.io/library.html?tags=BS90}{{The} {Fractional} {Fourier} {Transform} {and} {Applications}}},
	year = {1990},
	author = {Bailey, David H. and Swarztrauber, Paul N.}
}

@misc{BS95,
	title = {\href{https://lucasntt.github.io/library.html?tags=BS95}{{The} {Fractional} {Fourier} {Transform} {and} {Applications}}},
	year = {1995},
	author = {Bailey, David H. and Swarztrauber, Paul N.}
}

@misc{Bue05,
	title = {\href{https://lucasntt.github.io/library.html?tags=Bue05}{{Montgomery} {Multiplication}}},
	year = {2005},
	author = {Buell, Duncan A.}
}

@misc{Bur09,
	title = {\href{https://lucasntt.github.io/library.html?tags=Bur09}{{The} {Prime} {Factor} {and} {Winograd} {Fourier} {Transform} {Algorithms}}},
	year = {2009},
	author = {Burrus, C. Sidney}
}

@misc{Bur12,
	title = {\href{https://lucasntt.github.io/library.html?tags=Bur12}{{Fast} {Fourier} {Transforms}}},
	year = {2012},
	author = {Burrus, C. Sidney}
}

@book{BZ10,
	title = {\href{https://lucasntt.github.io/library.html?tags=BZ10}{{Modern} {Computer} {Arithmetic}}},
	year = {2009},
	author = {Brent, Richard P. and Zimmermann, Paul},
	doi = {10.1017/cbo9780511921698},
	url = {https://doi.org/10.1017%2Fcbo9780511921698},
	publisher = {Cambridge University Press}
}

@incollection{BZ10b,
	title = {\href{https://lucasntt.github.io/library.html?tags=BZ10b}{{An} {O(M(n)} {Log} {n)} {Algorithm} {for} {the} {Jacobi} {Symbol}}},
	year = {2010},
	author = {Brent, Richard P. and Zimmermann, Paul},
	doi = {10.1007/978-3-642-14518-6_10},
	url = {https://doi.org/10.1007%2F978-3-642-14518-6_10},
	publisher = {Springer Berlin Heidelberg},
	pages = {83--95},
	booktitle = {Lecture Notes in Computer Science}
}

@misc{BZ10c,
	title = {\href{https://lucasntt.github.io/library.html?tags=BZ10c}{{An} {O(M(n)} {Log} {n)} {Algorithm} {for} {the} {Jacobi} {Symbol}}},
	year = {2010},
	author = {Brent, Richard P. and Zimmermann, Paul}
}

@misc{BZ11,
	title = {\href{https://lucasntt.github.io/library.html?tags=BZ11}{{The} {Great} {Trinomial} {Hunt}}},
	year = {2011},
	author = {Brent, Richard P. and Zimmermann, Paul}
}

@misc{Can89,
	title = {\href{https://lucasntt.github.io/library.html?tags=Can89}{{On} {Arithmetical} {Algorithms} {over} {Finite} {Fields}}},
	year = {1989},
	author = {Cantor, David G.}
}

@article{Car91,
	title = {\href{https://lucasntt.github.io/library.html?tags=Car91}{{Using} {Local} {Memory} {to} {Boost} {the} {Performance} {of} {FFT} {Algorithms} {on} {the} {CRAY-2} {Supercomputer}}},
	year = {1991},
	author = {Carlson, David A.},
	doi = {10.1007/bf00129835},
	url = {https://doi.org/10.1007%2Fbf00129835},
	month = {jan},
	publisher = {Springer Science and Business Media {LLC}},
	volume = {4},
	number = {4},
	pages = {345--356},
	journal = {The Journal of Supercomputing}
}

@misc{CBMIYV12,
	title = {\href{https://lucasntt.github.io/library.html?tags=CBMIYV12}{{On} {the} {Communication} {Complexity} {of} {3D} {FFTs} {and} {its} {Implications} {for} {Exascale}}},
	year = {2012},
	author = {Czechowski, Kenneth and Battaglino, Casey and McClanahan, Chris and Iyer, Kartik and Yeung, P.-K. and Vuduc, Richard}
}

@misc{CCAP10,
	title = {\href{https://lucasntt.github.io/library.html?tags=CCAP10}{{Exploring} {Data} {Streaming} {to} {Improve} {3D} {FFT} {Implementation} {on} {Multiple} {GPUs}}},
	year = {2010},
	author = {Silva, Cleomar Pereira da and Cupertino, Leandro F. and Chevitarese, Daniel and Aurelio, Marco and Pacheco, C.}
}

@article{CCFHKLMNRW67,
	title = {\href{https://lucasntt.github.io/library.html?tags=CCFHKLMNRW67}{{What} {is} {the} {Fast} {Fourier} {Transform}}},
	year = {1967},
	author = {Cochran, William T. and Cooley, James W. and Favin, David L. and Helms, Howard D. and Kaenel, Reginald A. and Lang, William W. and Maling, George C. and Nelson, David E. and Rader, Charles M. and Welch, Peter D.},
	doi = {10.1109/proc.1967.5957},
	url = {https://doi.org/10.1109%2Fproc.1967.5957},
	publisher = {Institute of Electrical and Electronics Engineers ({IEEE})},
	volume = {55},
	number = {10},
	pages = {1664--1674},
	journal = {Proceedings of the {IEEE}}
}

@misc{CCM09,
	title = {\href{https://lucasntt.github.io/library.html?tags=CCM09}{{Improving} {Performance} {of} {Matrix} {Multiplication} {and} {FFT} {on} {GPU}}},
	year = {2009},
	author = {Cui, Xiang and Chen, Yifeng and Mei, Hong}
}

@misc{CCM10,
	title = {\href{https://lucasntt.github.io/library.html?tags=CCM10}{{Large-Scale} {FFT} {on} {GPU} {Clusters}}},
	year = {2010},
	author = {Chen, Yifeng and Cui, Xiang and Mei, Hong}
}

@inproceedings{CCMM17,
	title = {\href{https://lucasntt.github.io/library.html?tags=CCMM17}{{Big} {Prime} {Field} {FFT} {on} {the} {GPU}}},
	year = {2017},
	author = {Chen, Liangyu and Covanov, Svyatoslav and Mohajerani, Davood and Maza, Marc Moreno},
	doi = {10.1145/3087604.3087657},
	url = {https://doi.org/10.1145%2F3087604.3087657},
	month = {jul},
	publisher = {{ACM}},
	booktitle = {Proceedings of the 2017 {ACM} on International Symposium on Symbolic and Algebraic Computation}
}

@misc{CDNY95,
	title = {\href{https://lucasntt.github.io/library.html?tags=CDNY95}{{The} {Twenty-Second} {Fermat} {Number} {is} {Composite}}},
	year = {1995},
	author = {Crandall, Richard and Doenias, J. and Norrie, C. and Young, J.}
}

@article{CF94,
	title = {\href{https://lucasntt.github.io/library.html?tags=CF94}{{Discrete} {Weighted} {Transforms} {and} {Large-Integer} {Arithmetic}}},
	year = {1994},
	author = {Crandall, Richard and Fagin, Barry},
	doi = {10.1090/s0025-5718-1994-1185244-1},
	url = {https://doi.org/10.1090%2Fs0025-5718-1994-1185244-1},
	publisher = {American Mathematical Society ({AMS})},
	volume = {62},
	number = {205},
	pages = {305--324},
	journal = {Mathematics of Computation}
}

@misc{CFP08,
	title = {\href{https://lucasntt.github.io/library.html?tags=CFP08}{{How} {To} {Write} {Fast} {Numerical} {Code} {-} {A} {Small} {Introduction}}},
	year = {2008},
	author = {Chellappa, Srinivas and Franchetti, Franz and Püschel, Markus}
}

@misc{CG00,
	title = {\href{https://lucasntt.github.io/library.html?tags=CG00}{{Inside} {the} {FFT} {Black} {Box}}},
	year = {2000},
	author = {Chu and George}
}

@misc{CG98,
	title = {\href{https://lucasntt.github.io/library.html?tags=CG98}{{FFT} {algorithms} {and} {their} {adaptation} {to} {parallel} {processing}}},
	year = {1998},
	author = {Chu, Eleanor and George, Alan}
}

@misc{CH07,
	title = {\href{https://lucasntt.github.io/library.html?tags=CH07}{{Montgomery} {Reduction} {Algorithm} {for} {Modular} {Multiplication} {Using} {Low-Weight} {Polynomial} {Form} {Integers}}},
	year = {2007},
	author = {Chung, Jaewook and Hasan, M. Anwar}
}

@misc{Cha88,
	title = {\href{https://lucasntt.github.io/library.html?tags=Cha88}{{Gray} {codes,} {Fast} {Fourier} {Transforms} {and} {hypercubes}}},
	year = {1988},
	author = {Chamberlain, R.M.}
}

@misc{Chm12,
	title = {\href{https://lucasntt.github.io/library.html?tags=Chm12}{{Fast,} {Parallel} {Algorithm} {for} {Multiplying} {Polynomials} {with} {Integer} {Coefficients}}},
	year = {2012},
	author = {Chmielowiec, Andrzej}
}

@misc{Cho95,
	title = {\href{https://lucasntt.github.io/library.html?tags=Cho95}{{Fast} {Transform} {Techniques} {for} {RS} {Codes}}},
	year = {1995},
	author = {Choomchuay, Somsak}
}

@misc{CK00,
	title = {\href{https://lucasntt.github.io/library.html?tags=CK00}{{Supercomputer-style} {FFT} {library} {for} {Apple} {G4}}},
	year = {2000},
	author = {Crandall, Richard and Klivington, Jason}
}

@misc{CK91,
	title = {\href{https://lucasntt.github.io/library.html?tags=CK91}{{On} {Fast} {Multiplication} {of} {Polynomials} {over} {Arbitrary} {Algebras}}},
	year = {1991},
	author = {Cantor, David G. and Kaltofen, Erich}
}

@misc{CL13,
	title = {\href{https://lucasntt.github.io/library.html?tags=CL13}{{A} {Hybrid} {GPU} {CPU} {FFT} {Library} {for} {Large} {FFT} {Problems}}},
	year = {2013},
	author = {Chen, Shuo and Li, Xiaoming}
}

@misc{CL91,
	title = {\href{https://lucasntt.github.io/library.html?tags=CL91}{{The} {Early} {Papers} {on} {Number} {Theoretic} {Transforms} {(NTT)} {-} {A} {Bibliography} {until} {1991}}},
	year = {1991},
	author = {Creutzburg, Reiner and Labunets, Valerij}
}

@misc{CLW67,
	title = {\href{https://lucasntt.github.io/library.html?tags=CLW67}{{Historical} {Notes} {on} {the} {Fast} {Fourier} {Transform}}},
	year = {1967},
	author = {Cooley, James W. and Lewis, Peter A.W. and Welch, Peter D.}
}

@misc{CLW69,
	title = {\href{https://lucasntt.github.io/library.html?tags=CLW69}{{The} {Finite} {Fourier} {Transform}}},
	year = {1969},
	author = {Cooley, James W. and Lewis, P.A.W. and Welch, P.D.}
}

@misc{CMP02,
	title = {\href{https://lucasntt.github.io/library.html?tags=CMP02}{{The} {Twenty-Fourth} {Fermat} {Number} {is} {Composite}}},
	year = {2002},
	author = {Crandall, Richard and Mayer, Ernst and Papadopoulos, Jason}
}

@misc{CN13,
	title = {\href{https://lucasntt.github.io/library.html?tags=CN13}{{Prime} {Tutorial}}},
	year = {2013},
	author = {Curt-Noll, Landon}
}

@article{Coo87,
	title = {\href{https://lucasntt.github.io/library.html?tags=Coo87}{{The} {Re-discovery} {of} {the} {Fast} {Fourier} {Transform} {Algorithm}}},
	year = {1987},
	author = {Cooley, James W.},
	doi = {10.1007/bf01201681},
	url = {https://doi.org/10.1007%2Fbf01201681},
	month = {jan},
	publisher = {Springer Science and Business Media {LLC}},
	volume = {93},
	number = {1-6},
	pages = {33--45},
	journal = {Mikrochimica Acta}
}

@misc{CP03,
	title = {\href{https://lucasntt.github.io/library.html?tags=CP03}{{On} {the} {implementation} {of} {AKS-class} {primality} {tests}}},
	year = {2003},
	author = {Crandall, Richard and Papadopoulos, Jason}
}

@book{CP05,
	title = {\href{https://lucasntt.github.io/library.html?tags=CP05}{{Prime} {Numbers}}},
	year = {2005},
	author = {Crandall, Richard and Pomerance, Carl},
	doi = {10.1007/0-387-28979-8_8},
	url = {https://doi.org/10.1007%2F0-387-28979-8_8},
	publisher = {Springer-Verlag},
	booktitle = {Prime Numbers}
}

@misc{CPA04,
	title = {\href{https://lucasntt.github.io/library.html?tags=CPA04}{{Super-sized} {Multiplies} {How} {Do} {FPGAs} {Fare} {in} {Extended} {Digit} {Multipliers}}},
	year = {2004},
	author = {Craven, Stephen and Patterson, Cameron and Athanas, Peter}
}

@book{Cra94,
	title = {\href{https://lucasntt.github.io/library.html?tags=Cra94}{{Topics} {in} {Advanced} {Scientific} {Computation}}},
	year = {1994},
	author = {Crandall, Richard},
	isbn = {9780387944739},
	lccn = {96114475},
	series = {Electronic Library of Science},
	url = {https://books.google.ch/books?id=TOfuAAAAMAAJ},
	publisher = {Springer New York}
}

@misc{Cra99,
	title = {\href{https://lucasntt.github.io/library.html?tags=Cra99}{{Integer} {convolution} {via} {split-radix} {fast} {Galois} {transform}}},
	year = {1999},
	author = {Crandall, Richard}
}

@misc{CS18,
	title = {\href{https://lucasntt.github.io/library.html?tags=CS18}{{Accelerating} {2D} {FFT} {Exploit} {GPU} {Tensor} {Cores} {through} {Mixed-Precision}}},
	year = {2018},
	author = {Cheng, Xiaohe and Sorna, Anumeena}
}

@article{CT18,
	title = {\href{https://lucasntt.github.io/library.html?tags=CT18}{{Fast} {Integer} {Multiplication} {Using} {Generalized} {Fermat} {Primes}}},
	year = {2018},
	author = {Covanov, Svyatoslav and Thomé, Emmanuel},
	doi = {10.1090/mcom/3367},
	url = {https://doi.org/10.1090%2Fmcom%2F3367},
	month = {jul},
	publisher = {American Mathematical Society ({AMS})},
	volume = {88},
	number = {317},
	pages = {1449--1477},
	journal = {Mathematics of Computation}
}

@article{CT65,
	title = {\href{https://lucasntt.github.io/library.html?tags=CT65}{{An} {Algorithm} {for} {the} {Machine} {Calculation} {of} {Complex} {Fourier} {Series}}},
	year = {1965},
	author = {Cooley, James W. and Tukey, John W.},
	doi = {10.1090/s0025-5718-1965-0178586-1},
	url = {https://doi.org/10.1090%2Fs0025-5718-1965-0178586-1},
	month = {may},
	publisher = {American Mathematical Society ({AMS})},
	volume = {19},
	number = {90},
	pages = {297--297},
	journal = {Mathematics of Computation}
}

@misc{CT86,
	title = {\href{https://lucasntt.github.io/library.html?tags=CT86}{{Number-Theoretic} {Transforms} {of} {Prescribed} {Length}}},
	year = {1986},
	author = {Creutzburg, R. and Tasche, M.}
}

@misc{CT89,
	title = {\href{https://lucasntt.github.io/library.html?tags=CT89}{{Parameter} {Determination} {for} {Complex} {Number-Theoretic} {Transforms} {Using} {Cyclotomic} {Polynomials}}},
	year = {1989},
	author = {Creutzburg, R. and Tasche, M.}
}

@misc{CW80,
	title = {\href{https://lucasntt.github.io/library.html?tags=CW80}{{Some} {Very} {Large} {Primes} {of} {the} {Form} {k.2m} {plus} {1}}},
	year = {1980},
	author = {Cormack, G. V. and Williams, H. C.}
}

@misc{CW87,
	title = {\href{https://lucasntt.github.io/library.html?tags=CW87}{{Matrix} {Multiplication} {via} {Arithmetic} {Progressions}}},
	year = {1987},
	author = {Coppersmith, Don and Winograd, Shmuel}
}

@article{DAV81,
	title = {\href{https://lucasntt.github.io/library.html?tags=DAV81}{{Kronecker} {Products} {and} {Shuffle} {Algebra}}},
	year = {1981},
	author = {Davio, Marc},
	doi = {10.1109/tc.1981.6312174},
	url = {https://doi.org/10.1109%2Ftc.1981.6312174},
	month = {feb},
	publisher = {Institute of Electrical and Electronics Engineers ({IEEE})},
	volume = {C-30},
	number = {2},
	pages = {116--125},
	journal = {{IEEE} Transactions on Computers}
}

@misc{DBLG11,
	title = {\href{https://lucasntt.github.io/library.html?tags=DBLG11}{{Auto-tuning} {of} {Fast} {Fourier} {Transform} {on} {Graphics} {Processors}}},
	year = {2011},
	author = {Dotsenko, Yuri and Baghsorkhi, Sara S. and Lloyd, Brandon and Govindaraju, Naga K.}
}

@misc{DCD94,
	title = {\href{https://lucasntt.github.io/library.html?tags=DCD94}{{Generalized} {Fermat-Mersenne} {Number} {Theoretic} {Transform}}},
	year = {1994},
	author = {Dimitrov, Vassil S. and Cooklev, Todor V. and Donevsky, Borislav D.}
}

@misc{DD16,
	title = {\href{https://lucasntt.github.io/library.html?tags=DD16}{{Shuffling} {Matrices,} {Kronecker} {Product} {and} {Discrete} {Fourier} {Transform}}},
	year = {2016},
	author = {D'Angeli, Daniele and Donno, Alfredo}
}

@article{DD17,
	title = {\href{https://lucasntt.github.io/library.html?tags=DD17}{{Shuffling} {Matrices,} {Kronecker} {Product} {and} {Discrete} {Fourier} {Transform}}},
	year = {2017},
	author = {D'Angeli, Daniele and Donno, Alfredo},
	doi = {10.1016/j.dam.2017.08.018},
	url = {https://doi.org/10.1016%2Fj.dam.2017.08.018},
	month = {dec},
	publisher = {Elsevier {BV}},
	volume = {233},
	pages = {1--18},
	journal = {Discrete Applied Mathematics}
}

@misc{Dem13,
	title = {\href{https://lucasntt.github.io/library.html?tags=Dem13}{{Shuffle} {Tips} {and} {Tricks}}},
	year = {2013},
	author = {Demouth, Julien}
}

@misc{DG01,
	title = {\href{https://lucasntt.github.io/library.html?tags=DG01}{{Distribution} {of} {Generalized} {Fermat} {Prime} {Numbers}}},
	year = {2001},
	author = {Dubner, Harvey and Gallot, Yves}
}

@InProceedings{DGERR21,
	title = {\href{https://lucasntt.github.io/library.html?tags=DGERR21}{{Learning} {Fast} {Algorithms} {for} {Linear} {Transforms} {Using} {Butterfly} {Factorizations}}},
	year = {2021},
	author = {Dao, Tri and Gu, Albert and Eichhorn, Matthew and Rudra, Atri and Re, Christopher},
	booktitle = {Proceedings of the 36th International Conference on Machine Learning},
	pages = {1517--1527},
	editor = {Chaudhuri, Kamalika and Salakhutdinov, Ruslan},
	volume = {97},
	series = {Proceedings of Machine Learning Research},
	month = {09--15 Jun},
	publisher = {PMLR}
}

@misc{DGK83,
	title = {\href{https://lucasntt.github.io/library.html?tags=DGK83}{{The} {Mathematics} {of} {Perfect} {Shuffles}}},
	year = {1983},
	author = {Diaconis, Persi and Graham, R. L. and Kantor , William M.}
}

@misc{DGK83,
	title = {\href{https://lucasntt.github.io/library.html?tags=DGK83}{{The} {Mathematics} {of} {Perfect} {Shuffles}}},
	year = {1983},
	author = {Diaconis, Persi and Graham, R. L. and Kantor, William M}
}

@misc{DH82,
	title = {\href{https://lucasntt.github.io/library.html?tags=DH82}{{Number} {Theoretic} {Transforms} {with} {2} {as} {a} {Root} {of} {Unity}}},
	year = {1982},
	author = {Duhamel, P. and Hollmann, H.}
}

@misc{DJK13,
	title = {\href{https://lucasntt.github.io/library.html?tags=DJK13}{{Reduction} {of} {Delay} {Propagation} {in} {Parallel} {Architecture} {Based} {on} {FNT} {for} {High} {Speed} {Cyclic} {Convolution}}},
	year = {2013},
	author = {Datta, M.Vyshnava and Jain, Ankit Kumar and Krishna, G. Mohan Bala}
}

@misc{DK95,
	title = {\href{https://lucasntt.github.io/library.html?tags=DK95}{{Factors} {of} {Generalized} {Fermat} {Numbers}}},
	year = {1995},
	author = {Dubner, Harvey and Keller, Wilfrid}
}

@misc{DKS08,
	title = {\href{https://lucasntt.github.io/library.html?tags=DKS08}{{Fast} {Integer} {Multiplication} {Using} {Modular} {Arithmetic}}},
	year = {2008},
	author = {De, Anindya and Kurur, Piyush P and Saha, Chandan}
}

@article{DPE88,
	title = {\href{https://lucasntt.github.io/library.html?tags=DPE88}{{On} {Computing} {the} {Inverse} {DFT}}},
	year = {1988},
	author = {Duhamel, P. and Piron, B. and Etcheto, J. M.},
	doi = {10.1109/29.1519},
	url = {https://doi.org/10.1109%2F29.1519},
	publisher = {Institute of Electrical and Electronics Engineers ({IEEE})},
	volume = {36},
	number = {2},
	pages = {285--286},
	journal = {{IEEE} Transactions on Acoustics, Speech, and Signal Processing}
}

@article{DR93,
	title = {\href{https://lucasntt.github.io/library.html?tags=DR93}{{Fast} {Fourier} {Transforms} {for} {Nonequispaced} {Data}}},
	year = {1993},
	author = {Dutt, A. and Rokhlin, V.},
	doi = {10.1137/0914081},
	url = {https://doi.org/10.1137%2F0914081},
	month = {nov},
	publisher = {Society for Industrial {\&} Applied Mathematics ({SIAM})},
	volume = {14},
	number = {6},
	pages = {1368--1393},
	journal = {{SIAM} Journal on Scientific Computing}
}

@article{Dru71,
	title = {\href{https://lucasntt.github.io/library.html?tags=Dru71}{{Kronecker} {Product} {Factorization} {of} {the} {FFT} {Matrix}}},
	year = {1971},
	author = {Drubin, M.},
	doi = {10.1109/t-c.1971.223306},
	url = {https://doi.org/10.1109%2Ft-c.1971.223306},
	month = {may},
	publisher = {Institute of Electrical and Electronics Engineers ({IEEE})},
	volume = {C-20},
	number = {5},
	pages = {590--593}
}

@misc{DS15,
	title = {\href{https://lucasntt.github.io/library.html?tags=DS15}{{cuHE} {A} {Homomorphic} {Encryption} {Accelerator} {Library}}},
	year = {2015},
	author = {Dai, Wei and Sunar, Berk}
}

@misc{DSP1,
	title = {\href{https://lucasntt.github.io/library.html?tags=DSP1}{{Fast} {Fourier} {Transform} {(FFT)}}},
	year = {},
	author = {},
	howpublished = {\url{https://www.cmlab.csie.ntu.edu.tw/cml/dsp/training/coding/transform/fft.html}}
}

@misc{DV11,
	title = {\href{https://lucasntt.github.io/library.html?tags=DV11}{{Redundant} {Modular} {Reduction} {Algorithms}}},
	year = {2011},
	author = {Dupaquis, Vincent and Venelli, Alexandre}
}

@inproceedings{DV78,
	title = {\href{https://lucasntt.github.io/library.html?tags=DV78}{{Number} {Theoretic} {Transforms} {with} {modulus} {2} {2q-} {2} {q} {plus} {1}}},
	year = {1978},
	author = {Dubois, Eric and Venetsanopoulos, Anastasios N.},
	doi = {10.1109/icassp.1978.1170576},
	url = {https://doi.org/10.1109%2Ficassp.1978.1170576},
	publisher = {Institute of Electrical and Electronics Engineers},
	booktitle = {{ICASSP} {\textquotesingle}78. {IEEE} International Conference on Acoustics, Speech, and Signal Processing}
}

@misc{DV78b,
	title = {\href{https://lucasntt.github.io/library.html?tags=DV78b}{{The} {Discrete} {Fourier} {Transform} {Over} {Finite} {Rings} {with} {Application} {to} {Fast} {Convolution}}},
	year = {1978},
	author = {Dubois, Eric and Venetsanopoulos, Anastasios N.}
}

@article{DV78c,
	title = {\href{https://lucasntt.github.io/library.html?tags=DV78c}{{A} {new} {Algorithm} {for} {the} {Radix-3} {FFT}}},
	year = {1978},
	author = {Dubois, Eric and Venetsanopoulos, Anastasios N.},
	doi = {10.1109/tassp.1978.1163084},
	url = {https://doi.org/10.1109%2Ftassp.1978.1163084},
	month = {jun},
	publisher = {Institute of Electrical and Electronics Engineers ({IEEE})},
	volume = {26},
	number = {3},
	pages = {222--225},
	journal = {{IEEE} Transactions on Acoustics, Speech, and Signal Processing}
}

@misc{DV80,
	title = {\href{https://lucasntt.github.io/library.html?tags=DV80}{{Applications} {of} {Algebraic} {Numbers} {to} {Computation} {of} {Convolutions} {and} {DFTs} {with} {Few} {Multiplications}}},
	year = {1980},
	author = {Dubois, Eric and , Anastasios N. and Venetsanopoulos}
}

@misc{DV80b,
	title = {\href{https://lucasntt.github.io/library.html?tags=DV80b}{{The} {Generalized} {Discrete} {Fourier} {Transform} {in} {Rings} {of} {Algebraic} {integers}}},
	year = {1980},
	author = {Dubois, Eric and , Anastasios N. and Venetsanopoulos}
}

@article{DV90,
	title = {\href{https://lucasntt.github.io/library.html?tags=DV90}{{Fast} {Fourier} {Transforms} {A} {Tutorial} {Review} {and} {a} {State} {of} {the} {Art}}},
	year = {1990},
	author = {Duhamel, P. and Vetterli, M.},
	doi = {10.1016/0165-1684(90)90158-u},
	url = {https://doi.org/10.1016%2F0165-1684%2890%2990158-u},
	month = {apr},
	publisher = {Elsevier {BV}},
	volume = {19},
	number = {4},
	pages = {259--299},
	journal = {Signal Processing}
}

@misc{DZG94,
	title = {\href{https://lucasntt.github.io/library.html?tags=DZG94}{{A} {general} {purpose} {subroutine} {for} {Fast} {Fourier} {Transform} {on} {a} {distributed} {memory} {parallel} {machine}}},
	year = {1994},
	author = {Dubey, A. and Zubair, M. and Grosch, C.E.}
}

@misc{EH07,
	title = {\href{https://lucasntt.github.io/library.html?tags=EH07}{{On} {Binary} {Signed} {Digit} {Representations} {of} {Integers}}},
	year = {2007},
	author = {Ebeid, Nevine and Hasan, M. Anwar}
}

@inproceedings{ELWW16,
	title = {\href{https://lucasntt.github.io/library.html?tags=ELWW16}{{Optimizing} {Modular} {Multiplication} {for} {NVIDIA's} {Maxwell} {GPUs}}},
	year = {2016},
	author = {Emmart, Niall and Luitjens, Justin and Weems, Charles and Woolley, Cliff},
	doi = {10.1109/arith.2016.21},
	url = {https://doi.org/10.1109%2Farith.2016.21},
	month = {jul},
	publisher = {{IEEE}},
	booktitle = {2016 {IEEE} 23nd Symposium on Computer Arithmetic ({ARITH})}
}

@misc{Eme07,
	title = {\href{https://lucasntt.github.io/library.html?tags=Eme07}{{Multiplying} {Huge} {Integers} {Using} {Fourier} {Transforms}}},
	year = {2007},
	author = {Emerencia, Ando}
}

@misc{Eme09,
	title = {\href{https://lucasntt.github.io/library.html?tags=Eme09}{{Efficient} {Multiplication} {of} {Polynomials} {on} {Graphics} {Hardware}}},
	year = {2009},
	author = {Emeliyanenko, Pavel}
}

@misc{Emm16,
	title = {\href{https://lucasntt.github.io/library.html?tags=Emm16}{{High} {Performance} {Modular} {Exponentiation}}},
	year = {2016},
	author = {Emmart, Niall}
}

@misc{ER83,
	title = {\href{https://lucasntt.github.io/library.html?tags=ER83}{{Fast} {Transforms} {Algorithms,} {Analyses,} {Applications}}},
	year = {1983},
	author = {Elliot, Douglas F. and Rao, K. Ramamohan}
}

@misc{EW10,
	title = {\href{https://lucasntt.github.io/library.html?tags=EW10}{{High} {Precision} {Integer} {Addition,} {Subtraction} {and} {Multiplication} {with} {a} {Graphics} {Processing} {Unit}}},
	year = {2010},
	author = {Emmart, Niall and Weems, Charles}
}

@misc{EW11,
	title = {\href{https://lucasntt.github.io/library.html?tags=EW11}{{High} {Precision} {Integer} {Multiplication} {with} {a} {GPU} {Using} {Strassen's} {Algorithm} {With} {Multiple} {FFT} {Sizes}}},
	year = {2011},
	author = {Emmart, Niall and Weems, Charles}
}

@misc{Fag90,
	title = {\href{https://lucasntt.github.io/library.html?tags=Fag90}{{Large} {Integer} {Multiplication} {on} {Massively} {Parallel} {Processors}}},
	year = {1990},
	author = {Fagin, Barry S.}
}

@misc{Fag92,
	title = {\href{https://lucasntt.github.io/library.html?tags=Fag92}{{Large} {Integer} {Multiplication} {on} {Hypercubes}}},
	year = {1992},
	author = {Fagin, Barry S.}
}

@misc{FC06,
	title = {\href{https://lucasntt.github.io/library.html?tags=FC06}{{FFT} {and} {Convolution} {Performance} {in} {Image} {Filtering} {on} {GPU}}},
	year = {2006},
	author = {Fialka, Ondrej and Cadik, Martin}
}

@article{Fer82,
	title = {\href{https://lucasntt.github.io/library.html?tags=Fer82}{{A} {Simple} {Derivation} {of} {Glassman's} {General} {N} {Fast} {Fourier} {Transform}}},
	year = {1982},
	author = {Ferguson, Warren E.},
	doi = {10.1016/0898-1221(82)90016-5},
	url = {https://doi.org/10.1016%2F0898-1221%2882%2990016-5},
	publisher = {Elsevier {BV}},
	volume = {8},
	number = {6},
	pages = {401--411},
	journal = {Computers {\&} Mathematics with Applications}
}

@misc{FJ05,
	title = {\href{https://lucasntt.github.io/library.html?tags=FJ05}{{The} {Design} {and} {Implementation} {of} {FFTW3}}},
	year = {2005},
	author = {Frigo, Matteo and Johnson, Steven G.}
}

@misc{FJ07,
	title = {\href{https://lucasntt.github.io/library.html?tags=FJ07}{{A} {modified} {split-radix} {FFT} {with} {fewer} {arithmetic} {operations}}},
	year = {2007},
	author = {Frigo, Matteo and Johnson, Steven G.}
}

@misc{FJ09,
	title = {\href{https://lucasntt.github.io/library.html?tags=FJ09}{{Implementing} {FFTs} {in} {Practice}}},
	year = {2009},
	author = {Frigo, Matteo and Johnson, Steven G.}
}

@misc{FJ97,
	title = {\href{https://lucasntt.github.io/library.html?tags=FJ97}{{The} {Fastest} {Fourier} {Transform} {in} {the} {West}}},
	year = {1997},
	author = {Frigo, Matteo and Johnson, Steven G.}
}

@misc{FJ98,
	title = {\href{https://lucasntt.github.io/library.html?tags=FJ98}{{FFTW} {An} {Adaptive} {Software} {Architecture} {for} {the} {FFT}}},
	year = {1998},
	author = {Frigo, Matteo and Johnson, Steven G. and }
}

@misc{FKMW04,
	title = {\href{https://lucasntt.github.io/library.html?tags=FKMW04}{{Proving} {the} {primality} {of} {very} {large} {numbers} {with} {fastECPP}}},
	year = {2004},
	author = {Franke, J. and Kleinjung, T. and Morain, F. and Wirth, T.}
}

@misc{For81,
	title = {\href{https://lucasntt.github.io/library.html?tags=For81}{{A} {Vector} {Implementation} {of} {the} {Fast} {Fourier} {Transform} {Algorithm}}},
	year = {1981},
	author = {Fornberg, Bengt}
}

@book{FP11,
	title = {\href{https://lucasntt.github.io/library.html?tags=FP11}{{Fast} {Fourier} {Transform} {(Encyclopedia} {of} {Parallel} {Computing)}}},
	year = {2011},
	author = {Franchetti, Franz and Püschel, Markus},
	doi = {10.1007/978-0-387-09766-4},
	url = {https://doi.org/10.1007%2F978-0-387-09766-4},
	publisher = {Springer {US}}
}

@article{Fra76,
	title = {\href{https://lucasntt.github.io/library.html?tags=Fra76}{{Array} {Permutation} {by} {Index-Digit} {Permutation}}},
	year = {1976},
	author = {Fraser, Donald},
	doi = {10.1145/321941.321949},
	url = {https://doi.org/10.1145%2F321941.321949},
	month = {apr},
	publisher = {Association for Computing Machinery ({ACM})},
	volume = {23},
	number = {2},
	pages = {298--309},
	journal = {Journal of the {ACM} ({JACM})}
}

@misc{Fur07,
	title = {\href{https://lucasntt.github.io/library.html?tags=Fur07}{{Faster} {Integer} {Multiplication}}},
	year = {2007},
	author = {Fürer, Martin}
}

@misc{Fur14,
	title = {\href{https://lucasntt.github.io/library.html?tags=Fur14}{{How} {Fast} {Can} {We} {Multiply} {Large} {Integers} {on} {an} {Actual} {Computer}}},
	year = {2014},
	author = {Fürer, Martin}
}

@misc{FVP05,
	title = {\href{https://lucasntt.github.io/library.html?tags=FVP05}{{Formal} {Loop} {Merging} {for} {Signal} {Transforms}}},
	year = {2005},
	author = {Franchetti, Franz and Voronenko, Yevgen and Püschel, Markus}
}

@misc{FVP06,
	title = {\href{https://lucasntt.github.io/library.html?tags=FVP06}{{FFT} {Program} {Generation} {for} {Shared} {Memory} {} {SMP} {and} {Multicore}}},
	year = {2006},
	author = {Franchetti, Franz and Voronenko, Yevgen and Püschel, Markus}
}

@misc{GA09,
	title = {\href{https://lucasntt.github.io/library.html?tags=GA09}{{Ultra} {Large-Scale} {FFT} {Processing} {on} {Graphics} {Processor} {Arrays}}},
	year = {2009},
	author = {Glenn-Anderson, J.B.}
}

@misc{Gar05,
	title = {\href{https://lucasntt.github.io/library.html?tags=Gar05}{{Can} {Schönhage} {multiplication} {speed} {up} {the} {RSA} {decryption} {or} {encryption}}},
	year = {2005},
	author = {Garcia, Luis Carlos Coronado}
}

@misc{GD06,
	title = {\href{https://lucasntt.github.io/library.html?tags=GD06}{{Implementation} {of} {float-float} {operators} {on} {graphics} {hardware}}},
	year = {2006},
	author = {Graça, Guillaume Da and Defour, David}
}

@article{Gen68,
	title = {\href{https://lucasntt.github.io/library.html?tags=Gen68}{{Matrix} {Multiplication} {and} {Fast} {Fourier} {Transforms}}},
	year = {1968},
	author = {Gentleman, W. Morven},
	doi = {10.1002/j.1538-7305.1968.tb00074.x},
	url = {https://doi.org/10.1002%2Fj.1538-7305.1968.tb00074.x},
	month = {jul},
	publisher = {Institute of Electrical and Electronics Engineers ({IEEE})},
	journal = {The Bell System Technical Journal},
	volume = {47},
	number = {6},
	pages = {1099--1103}
}

@misc{GG99,
	title = {\href{https://lucasntt.github.io/library.html?tags=GG99}{{Modern} {Computer} {Algebra}}},
	year = {1999},
	author = {Gathen, Joachim Von Zur and Gerhard, Jürgen}
}

@misc{GHPS99,
	title = {\href{https://lucasntt.github.io/library.html?tags=GHPS99}{{A} {Comparative} {Analysis} {of} {FFT} {Algorithms}}},
	year = {1999},
	author = {Ganapathiraju, Aravind and Hamaker, Jonathan and Picone, Joseph and Skjellum, Anthony}
}

@misc{GHSJ94,
	title = {\href{https://lucasntt.github.io/library.html?tags=GHSJ94}{{Implementing} {Fast} {Fourier} {Transforms} {on} {Distributed-Memory} {Multiprocessors} {Using} {Data} {Redistributions}}},
	year = {1994},
	author = {Gupta, S.K.S. and Huang, C.-H. and Sadayappan, P. and Johnson, R.W.}
}

@misc{GIT09,
	title = {\href{https://lucasntt.github.io/library.html?tags=GIT09}{{Comparison} {of} {Modular} {Arithmetic} {Algorithms} {on} {GPUs}}},
	year = {2009},
	author = {Giorgi, Pascal and Izard, Thomas and Tisserand, Arnaud}
}

@misc{GK90,
	title = {\href{https://lucasntt.github.io/library.html?tags=GK90}{{The} {Scalability} {of} {FFT} {on} {Parallel} {Computers}}},
	year = {1990},
	author = {Gupta, Anshul and Kumar, Vipin}
}

@misc{GKZ07,
	title = {\href{https://lucasntt.github.io/library.html?tags=GKZ07}{{A} {GMP-based} {Implementation} {of} {Schönhage-Strassen’s} {Large} {Integer} {Multiplication} {Algorithm}}},
	year = {2007},
	author = {Gaudry, Pierrick and Kruppa, Alexander and Zimmermann, Paul}
}

@misc{Gla70,
	title = {\href{https://lucasntt.github.io/library.html?tags=Gla70}{{A} {Generalization} {of} {the} {Fast} {Fourier} {Transform}}},
	year = {1970},
	author = {Glassman, J. A.}
}

@misc{GLDSM08,
	title = {\href{https://lucasntt.github.io/library.html?tags=GLDSM08}{{High} {Performance} {Discrete} {Fourier} {Transforms} {on} {Graphics} {Processors}}},
	year = {2008},
	author = {Govindaraju, Naga K. and Lloyd, Brandon and Dotsenko, Yuri and Smith, Burton and Manferdelli, Jogn}
}

@misc{GLGM06,
	title = {\href{https://lucasntt.github.io/library.html?tags=GLGM06}{{A} {Memory} {Model} {for} {Scientific} {Algorithms} {on} {Graphics} {Processors}}},
	year = {2006},
	author = {Govindaraju, Naga K. and Larsen, Scott and Gray, Jim and Manocha, Dinesh}
}

@misc{GLS10,
	title = {\href{https://lucasntt.github.io/library.html?tags=GLS10}{{An} {Empirically} {Tuned} {2D} {and} {3D} {FFT} {Library} {on} {CUDA} {GPU}}},
	year = {2010},
	author = {Gu, Liang and Li, Xiaoming and Siegel, Jakob}
}

@misc{GM07,
	title = {\href{https://lucasntt.github.io/library.html?tags=GM07}{{Cache-Efficient} {Numerical} {Algorithms} {using} {Graphics} {Hardware}}},
	year = {2007},
	author = {Govindaraju, Naka K. and Manocha, Dinesh}
}

@misc{GM10,
	title = {\href{https://lucasntt.github.io/library.html?tags=GM10}{{Additive} {Fast} {Fourier} {Transforms} {over} {Finite} {Fields}}},
	year = {2010},
	author = {Gao, Shuhong and Mateer, Todd}
}

@misc{GM13,
	title = {\href{https://lucasntt.github.io/library.html?tags=GM13}{{Generalised} {Mersenne} {Numbers} {Revisited}}},
	year = {2013},
	author = {Granger, Robert and Moss, Andrew}
}

@misc{Goo71,
	title = {\href{https://lucasntt.github.io/library.html?tags=Goo71}{{The} {Relationship} {Between} {Two} {Fast} {Fourier} {Transforms}}},
	year = {1971},
	author = {Good, I.G.}
}

@misc{Gou97,
	title = {\href{https://lucasntt.github.io/library.html?tags=Gou97}{{FFT} {Algorithms}}},
	year = {1997},
	author = {Gough, Brian}
}

@misc{Gra04,
	title = {\href{https://lucasntt.github.io/library.html?tags=Gra04}{{It} {is} {easy} {to} {determine} {wheter} {a} {given} {integer} {is} {prime}}},
	year = {2004},
	author = {Granville, Andrew}
}

@article{Gro15,
	title = {\href{https://lucasntt.github.io/library.html?tags=Gro15}{{An} {Elliptic} {Curve} {Test} {for} {Mersenne} {Primes}}},
	year = {2005},
	author = {Gross, Benedict H.},
	doi = {10.1016/j.jnt.2003.11.011},
	url = {https://doi.org/10.1016%2Fj.jnt.2003.11.011},
	month = {jan},
	publisher = {Elsevier {BV}},
	volume = {110},
	number = {1},
	pages = {114--119},
	journal = {Journal of Number Theory}
}

@article{GRT77,
	title = {\href{https://lucasntt.github.io/library.html?tags=GRT77}{{Integer} {Convolutions} {Over} {the} {Finite} {Field} {GF(} {3} {.} {2^n} {plus} {1} {)}}},
	year = {1977},
	author = {Golomb, S. W. and Reed, I. S. and Truong, T. K.},
	doi = {10.1137/0132029},
	url = {https://doi.org/10.1137%2F0132029},
	month = {mar},
	publisher = {Society for Industrial {\&} Applied Mathematics ({SIAM})},
	volume = {32},
	number = {2},
	pages = {356--365},
	journal = {{SIAM} Journal on Applied Mathematics}
}

@misc{GRTZ08,
	title = {\href{https://lucasntt.github.io/library.html?tags=GRTZ08}{{Memory} {Locality} {Exploitation} {Strategies} {for} {FFT} {on} {the} {CUDA} {Architecture}}},
	year = {2008},
	author = {Gutierrez, Eladio and Romero, Sergio and Trenas, Maria A. and Zapata, Emilio L.}
}

@misc{GS12,
	title = {\href{https://lucasntt.github.io/library.html?tags=GS12}{{A} {Transpose-Free} {In-Place} {SIMD} {Optimized} {FFT}}},
	year = {2012},
	author = {Geraci, James R. and Sacco, Sharon M.}
}

@inproceedings{GS66,
	title = {\href{https://lucasntt.github.io/library.html?tags=GS66}{{Fast} {Fourier} {Transforms} {For} {Fun} {and} {Profit}}},
	year = {1966},
	author = {Gentleman, W. Morven and Sande, G.},
	doi = {10.1145/1464291.1464352},
	url = {https://doi.org/10.1145%2F1464291.1464352},
	publisher = {{ACM} Press},
	booktitle = {Proceedings of the November 7-10, 1966, fall joint computer conference on {XX} - {AFIPS} {\textquotesingle}66 (Fall)}
}

@misc{GSL11,
	title = {\href{https://lucasntt.github.io/library.html?tags=GSL11}{{Using} {GPUs} {to} {Compute} {Large} {Out-of-card} {FFTs}}},
	year = {2011},
	author = {Gu, Liang and Siegel, Jakob and Li, Xiaming}
}

@misc{GT07,
	title = {\href{https://lucasntt.github.io/library.html?tags=GT07}{{The} {mpFq} {library} {and} {implementing} {curve-based} {key} {exchanges}}},
	year = {2007},
	author = {Gaudry, Pierrick and Thomé, Emmanuel}
}

@misc{Gud99a,
	title = {\href{https://lucasntt.github.io/library.html?tags=Gud99a}{{Practical} {Applications} {of} {Number} {Theoretic} {Transfoms}}},
	year = {1999},
	author = {Gudvangen, Sigmund}
}

@misc{Gud99b,
	title = {\href{https://lucasntt.github.io/library.html?tags=Gud99b}{{Number} {Theoretic} {Transfoms} {in} {Audio} {Processing}}},
	year = {1999},
	author = {Gudvangen, Sigmund}
}

@misc{Har07,
	title = {\href{https://lucasntt.github.io/library.html?tags=Har07}{{Optimizing} {Parallel} {Reduction} {in} {CUDA}}},
	year = {2007},
	author = {Harris, Mark}
}

@misc{Har08,
	title = {\href{https://lucasntt.github.io/library.html?tags=Har08}{{A} {Cache-Friendly} {Truncated} {FFT}}},
	year = {2008},
	author = {Harvey, David}
}

@misc{Har11,
	title = {\href{https://lucasntt.github.io/library.html?tags=Har11}{{Faster} {arithmetic} {for} {number-theoretic} {transforms}}},
	year = {2011},
	author = {Harvey, David}
}

@misc{Har12,
	title = {\href{https://lucasntt.github.io/library.html?tags=Har12}{{Faster} {Arithmetic} {For} {Number-Theoretic} {Transforms}}},
	year = {2012},
	author = {Harvey, David}
}

@misc{Har12,
	title = {\href{https://lucasntt.github.io/library.html?tags=Har12}{{The} {Karatsuba} {integer} {middle} {product}}},
	year = {2012},
	author = {Harvey, David}
}

@misc{Har13,
	title = {\href{https://lucasntt.github.io/library.html?tags=Har13}{{Faster} {Arithmetic} {For} {Number-Theoretic} {Transforms}}},
	year = {2013},
	author = {Harvey, David}
}

@inproceedings{HD83,
	title = {\href{https://lucasntt.github.io/library.html?tags=HD83}{{Longer} {NTT's} {With} {2} {as} {a} {Root} {of} {Unity}}},
	year = {1983},
	author = {Holmann, H. and Duhamel, P.},
	doi = {10.1109/icassp.1983.1172193},
	url = {https://doi.org/10.1109%2Ficassp.1983.1172193},
	publisher = {Institute of Electrical and Electronics Engineers},
	booktitle = {{ICASSP} {\textquotesingle}83. {IEEE} International Conference on Acoustics, Speech, and Signal Processing}
}

@misc{Heg92,
	title = {\href{https://lucasntt.github.io/library.html?tags=Heg92}{{A} {self-sorting} {in-place} {Fast} {Fourier} {Transform} {algorithm} {suitable} {for} {vector} {ans} {parallel} {processing}}},
	year = {1992},
	author = {Hegland, Markus}
}

@misc{HH11,
	title = {\href{https://lucasntt.github.io/library.html?tags=HH11}{{Generating} {and} {Searching} {Families} {of} {FFT} {Algorithms}}},
	year = {2011},
	author = {Haynal, Steve and Haynal, Heidi}
}

@misc{HH13,
	title = {\href{https://lucasntt.github.io/library.html?tags=HH13}{{Brute-Force} {Search} {of} {Fast} {Convolution} {Algorithms}}},
	year = {2013},
	author = {Haynal, Steve and Haynal, Heidi}
}

@article{HH19a,
	title = {\href{https://lucasntt.github.io/library.html?tags=HH19a}{{Faster} {Integer} {Multiplication} {Using} {Short} {Lattice} {Vectors}}},
	year = {2019},
	author = {Harvey, David and Hoeven, Joris Van Der},
	doi = {10.2140/obs.2019.2.293},
	url = {https://doi.org/10.2140%2Fobs.2019.2.293},
	month = {jan},
	publisher = {Mathematical Sciences Publishers},
	volume = {2},
	number = {1},
	pages = {293--310},
	journal = {The Open Book Series}
}

@unpublished{HH19b,
	title = {\href{https://lucasntt.github.io/library.html?tags=HH19b}{{Polynomial} {Multiplication} {Over} {Finite} {Fields} {in} {Time} {O(n} {log} {n)}}},
	year = {2019},
	author = {Harvey, David and Hoeven, Joris Van Der},
	url = {https://hal.archives-ouvertes.fr/hal-02070816},
	note = {working paper or preprint},
	month = Mar,
	keywords = {polynomial multiplication ; integer multiplication ; algorithm ; complexity bound ; FFT ; finite field},
	pdf = {https://hal.archives-ouvertes.fr/hal-02070816/file/ffnlogn.pdf},
	hal_id = {hal-02070816},
	hal_version = {v1}
}

@misc{HHKP23,
	title = {\href{https://lucasntt.github.io/library.html?tags=HHKP23}{{Certifying} {Giant} {Nonprimes}}},
	year = {2023},
	author = {Hoffmann, Charlotte and Hubácek, Pavel and Kamath, Chethan and Pietrzak, Krzysztof}
}

@article{HHL16,
	title = {\href{https://lucasntt.github.io/library.html?tags=HHL16}{{Even} {Faster} {Integer} {Multiplication}}},
	year = {2016},
	author = {Harvey, David and Hoeven, Joris Van Der and Lecerf, Grégoire},
	doi = {10.1016/j.jco.2016.03.001},
	url = {https://doi.org/10.1016%2Fj.jco.2016.03.001},
	month = {oct},
	publisher = {Elsevier {BV}},
	volume = {36},
	pages = {1--30},
	journal = {Journal of Complexity}
}

@article{HHL17,
	title = {\href{https://lucasntt.github.io/library.html?tags=HHL17}{{Faster} {Polynomial} {Multiplication} {Over} {Finite} {Fields}}},
	year = {2017},
	author = {Harvey, David and Hoeven, Joris Van Der and Lecerf, Grégoire},
	doi = {10.1145/3005344},
	url = {https://doi.org/10.1145%2F3005344},
	month = {feb},
	publisher = {Association for Computing Machinery ({ACM})},
	volume = {63},
	number = {6},
	pages = {1--23},
	journal = {Journal of the {ACM}}
}

@misc{Hig02,
	title = {\href{https://lucasntt.github.io/library.html?tags=Hig02}{{Accuracy} {and} {Stability} {of} {Numerical} {Algorithms}}},
	year = {2002},
	author = {Higham, Nicholas J.}
}

@misc{HIN15,
	title = {\href{https://lucasntt.github.io/library.html?tags=HIN15}{{A} {Warp-synchronous} {Implementation} {for} {Multiple-length} {Multiplication} {on} {the} {GPU}}},
	year = {2015},
	author = {Honda, Takumi and Ito, Yasuaki and Nakano, Koji}
}

@misc{HJB84,
	title = {\href{https://lucasntt.github.io/library.html?tags=HJB84}{{Gauss} {and} {the} {History} {of} {the} {Fast} {Fourier} {Transform}}},
	year = {1984},
	author = {Heideman, Michael T. and Johnson, Don H. and Burrus, C. Sidney}
}

@misc{HK10,
	title = {\href{https://lucasntt.github.io/library.html?tags=HK10}{{GPU-Based} {FFT} {Computation} {for} {Multi-Gigabit} {WirelessHD} {Baseband} {Processing}}},
	year = {2010},
	author = {Hinitt, Nicholas and Kocak, Taskin}
}

@misc{HKN13,
	title = {\href{https://lucasntt.github.io/library.html?tags=HKN13}{{Finding} {primitive} {elements} {in} {finite} {fields} {of} {small} {characteristic}}},
	year = {2013},
	author = {Huang, Ming-Deh and Narayanan, Anand Kumar}
}

@misc{Hoc12a,
	title = {\href{https://lucasntt.github.io/library.html?tags=Hoc12a}{{Dynamic} {Programming} {with} {CUDA} {Part} {I}}},
	year = {2012},
	author = {Hochberg}
}

@misc{Hoc12b,
	title = {\href{https://lucasntt.github.io/library.html?tags=Hoc12b}{{Dynamic} {Programming} {with} {CUDA} {Part} {II}}},
	year = {2012},
	author = {Hochberg}
}

@misc{HR10,
	title = {\href{https://lucasntt.github.io/library.html?tags=HR10}{{An} {in-place} {truncated} {Fourier} {transform} {and} {applications} {to} {polynomial} {multiplication}}},
	year = {2010},
	author = {Harvey, David and Roche, Daniel S.}
}

@misc{HS86,
	title = {\href{https://lucasntt.github.io/library.html?tags=HS86}{{Data} {Parallel} {Algorithms}}},
	year = {1986},
	author = {Hillis, W. Daniel and Steele, Guy L.}
}

@misc{HZ11,
	title = {\href{https://lucasntt.github.io/library.html?tags=HZ11}{{Short} {Division} {of} {Long} {Integers}}},
	year = {2011},
	author = {Harvey, David and Zimmermann, Paul}
}

@inproceedings{JB82,
	title = {\href{https://lucasntt.github.io/library.html?tags=JB82}{{The} {Design} {of} {Optimal} {DFT} {Algorithms} {Using} {Dynamic} {Programming}}},
	year = {1982},
	author = {Johnson, H. and Burrus, C.},
	doi = {10.1109/icassp.1982.1171385},
	url = {https://doi.org/10.1109%2Ficassp.1982.1171385},
	publisher = {Institute of Electrical and Electronics Engineers},
	booktitle = {{ICASSP} {\textquotesingle}82. {IEEE} International Conference on Acoustics, Speech, and Signal Processing}
}

@misc{JB84,
	title = {\href{https://lucasntt.github.io/library.html?tags=JB84}{{An} {In-Order} {In-Place} {Radix-2} {FFT}}},
	year = {1984},
	author = {Johnson, H. W. and Burrus, C. S.}
}

@misc{Jes80,
	title = {\href{https://lucasntt.github.io/library.html?tags=Jes80}{{The} {Implementation} {of} {Fast} {Radix} {2} {Transforms} {on} {Array} {Processors}}},
	year = {1980},
	author = {Jesshope, C. R.}
}

@misc{JMS86,
	title = {\href{https://lucasntt.github.io/library.html?tags=JMS86}{{FFT} {Algorithms} {for} {SIMD} {Parallel} {Processing} {Systems}}},
	year = {1986},
	author = {Jamieson, Leah H. and Mueller, Philip T. and Siegel, Howard Jay}
}

@misc{Jon06b,
	title = {\href{https://lucasntt.github.io/library.html?tags=Jon06b}{{Decimation-in-time} {(DIT)} {Radix-2} {FFT}}},
	year = {2006},
	author = {Jones, Douglas L.}
}

@misc{Jon06c,
	title = {\href{https://lucasntt.github.io/library.html?tags=Jon06c}{{Decimation-in-Frequency} {(DIF)} {Radix-2} {FFT}}},
	year = {2006},
	author = {Jones, Douglas L.}
}

@misc{Jon06d,
	title = {\href{https://lucasntt.github.io/library.html?tags=Jon06d}{{Radix-4} {FFT} {Algorithms}}},
	year = {2006},
	author = {Jones, Douglas L.}
}

@misc{Jon06e,
	title = {\href{https://lucasntt.github.io/library.html?tags=Jon06e}{{Split-radix} {FFT} {Algorithms}}},
	year = {2006},
	author = {Jones, Douglas L.}
}

@misc{Jon06f,
	title = {\href{https://lucasntt.github.io/library.html?tags=Jon06f}{{FFTs} {of} {prime} {length} {and} {Rader's} {conversion}}},
	year = {2006},
	author = {Jones, Douglas L.}
}

@misc{Jon07,
	title = {\href{https://lucasntt.github.io/library.html?tags=Jon07}{{Efficient} {FFT} {Algorithm} {and} {Programming} {Tricks}}},
	year = {2007},
	author = {Jones, Douglas L.}
}

@misc{Ju80,
	title = {\href{https://lucasntt.github.io/library.html?tags=Ju80}{{Implementation} {of} {Multiplication} {Modulo} {a} {Prime} {Number,} {with} {Applications} {to} {Number} {Theoretic} {Transforms}}},
	year = {1980},
	author = {Jullien, G. A.}
}

@inproceedings{JW00,
	title = {\href{https://lucasntt.github.io/library.html?tags=JW00}{{A} {Fast} {Recursive} {Bit-reversal} {Algorithm}}},
	year = {2000},
	author = {Jeong, J. and Williams, W.J.},
	doi = {10.1109/icassp.1990.115695},
	url = {https://doi.org/10.1109%2Ficassp.1990.115695},
	publisher = {{IEEE}},
	booktitle = {International Conference on Acoustics, Speech, and Signal Processing}
}

@misc{Kak13,
	title = {\href{https://lucasntt.github.io/library.html?tags=Kak13}{{The} {Number} {Theoretic} {Hilbert} {Transform}}},
	year = {2013},
	author = {Kak, Subhash}
}

@misc{KAK96,
	title = {\href{https://lucasntt.github.io/library.html?tags=KAK96}{{Analyzing} {and} {Comparing} {Montgomery} {Multiplication} {Algorithms}}},
	year = {1996},
	author = {Koç, Cetin Kaya and Acar, Tolga and Kaliski, Burton S.}
}

@misc{KB22,
	title = {\href{https://lucasntt.github.io/library.html?tags=KB22}{{Minimizing} {communication} {in} {the} {multidimensional} {FFT}}},
	year = {2022},
	author = {Koopman, Thomas and Bisseling, Rob H.}
}

@misc{KCK13,
	title = {\href{https://lucasntt.github.io/library.html?tags=KCK13}{{On} {r-th} {Root} {Extraction} {Algorithm} {in} {Fq}}},
	year = {2013},
	author = {Koo, Namhun and Cho, Gook Hwa and Kwon, Soonhak}
}

@misc{KF14,
	title = {\href{https://lucasntt.github.io/library.html?tags=KF14}{{Multiple} {Precision} {Integer} {Multiplication} {on} {GPUs}}},
	year = {2014},
	author = {Kitano, Koji and Fujimoto, Noriyuki}
}

@misc{KHOWH10,
	title = {\href{https://lucasntt.github.io/library.html?tags=KHOWH10}{{A} {Multi-GPU} {Spectrometer} {System} {for} {Real-time} {Wide} {Bandwidth} {Radio} {Signal} {Analysis}}},
	year = {2010},
	author = {Kondo, Hirofumi and Heien, Eric and Okita, Masao and Werthimer, Dan and Hagihara, Kenichi}
}

@article{KL79,
	title = {\href{https://lucasntt.github.io/library.html?tags=KL79}{{Computing} {the} {Fast} {Fourier} {Transform} {on} {a} {Vector} {Computer}}},
	year = {1979},
	author = {Korn, David G. and Lambiotte, Jules J.},
	doi = {10.1090/s0025-5718-1979-0528051-4},
	url = {https://doi.org/10.1090%2Fs0025-5718-1979-0528051-4},
	publisher = {American Mathematical Society ({AMS})},
	volume = {33},
	number = {147},
	pages = {977--992},
	journal = {Mathematics of Computation}
}

@misc{KM10,
	title = {\href{https://lucasntt.github.io/library.html?tags=KM10}{{On} {an} {Analogue} {to} {the} {Lucas-Lehmer-Riesel} {Test} {Using} {Elliptic} {Curves}}},
	year = {2010},
	author = {Kirschmer and Mertens}
}

@misc{Knu81,
	title = {\href{https://lucasntt.github.io/library.html?tags=Knu81}{{The} {Art} {Of} {Computer} {Programming} {(volume} {2)} {2nd} {Edition}}},
	year = {1981},
	author = {Knuth, Donald E.}
}

@misc{KO12,
	title = {\href{https://lucasntt.github.io/library.html?tags=KO12}{{Approaches} {for} {the} {performance} {increasing} {of} {software} {implementation} {of} {integer} {multiplication} {in} {prime} {fields}}},
	year = {2012},
	author = {Kovtun, Vladislav and Okhrimenko, Andrew}
}

@misc{Koç94,
	title = {\href{https://lucasntt.github.io/library.html?tags=Koç94}{{Montgomery} {reduction} {with} {even} {modulus}}},
	year = {1994},
	author = {Koç, C.K.}
}

@misc{Koç94b,
	title = {\href{https://lucasntt.github.io/library.html?tags=Koç94b}{{Modular} {Multiplication}}},
	year = {1994},
	author = {Koç, C.K.}
}

@misc{Kol77,
	title = {\href{https://lucasntt.github.io/library.html?tags=Kol77}{{A} {Prime} {Factor} {FFT} {Algorithm} {Using} {High-speed} {Convolution}}},
	year = {1977},
	author = {Kolba, D.}
}

@misc{Kor14,
	title = {\href{https://lucasntt.github.io/library.html?tags=Kor14}{{Multiplying} {large} {numbers} {and} {the} {Schönhage-Strassen} {Algorithm}}},
	year = {2014},
	author = {Kortekaas}
}

@misc{Kor15,
	title = {\href{https://lucasntt.github.io/library.html?tags=Kor15}{{Multiplying} {Large} {Numbers} {and} {the} {Schönhage-Strassen} {Algorithm}}},
	year = {2015},
	author = {Kortekaas, Theo}
}

@article{KP77,
	title = {\href{https://lucasntt.github.io/library.html?tags=KP77}{{A} {Prime} {Factor} {FFT} {Algorithm} {Using} {High-speed} {Convolution}}},
	year = {1977},
	author = {Kolba, D. and Parks, T.},
	doi = {10.1109/tassp.1977.1162973},
	url = {https://doi.org/10.1109%2Ftassp.1977.1162973},
	month = {aug},
	publisher = {Institute of Electrical and Electronics Engineers ({IEEE})},
	volume = {25},
	number = {4},
	pages = {281--294}
}

@misc{Kra70,
	title = {\href{https://lucasntt.github.io/library.html?tags=Kra70}{{The} {Lucas-Lehmer} {Test} {for} {Mersenne} {Numbers}}},
	year = {1970},
	author = {Kravitz}
}

@misc{Kru09,
	title = {\href{https://lucasntt.github.io/library.html?tags=Kru09}{{Fast} {Integer} {Multiplication} {with} {Schönhage-Strassen’s} {Algorithm}}},
	year = {2009},
	author = {Kruppa}
}

@misc{Kru10,
	title = {\href{https://lucasntt.github.io/library.html?tags=Kru10}{{Speeding} {up} {Integer} {Multiplication} {and} {Factorization}}},
	year = {2010},
	author = {Kruppa, Alexander}
}

@misc{KSFE10,
	title = {\href{https://lucasntt.github.io/library.html?tags=KSFE10}{{Memory} {Saving} {Discrete} {Fourier} {Transform} {on} {GPUs}}},
	year = {2010},
	author = {Kauker and Sanftmann and Frey and Ertl}
}

@misc{KT05,
	title = {\href{https://lucasntt.github.io/library.html?tags=KT05}{{Bipartite} {Modular} {Multiplication}}},
	year = {2005},
	author = {Kaihara, Marcelo E. and Takagi, Naofumi}
}

@misc{KU98,
	title = {\href{https://lucasntt.github.io/library.html?tags=KU98}{{Parallel} {FFT} {Algorithms} {with} {Reduced} {Communication} {Overhead}}},
	year = {1998},
	author = {Karner and Ueberhuber}
}

@misc{Kuc18,
	title = {\href{https://lucasntt.github.io/library.html?tags=Kuc18}{{A} {Proof} {of} {the} {Lucas-Lehmer} {Test} {and} {its} {Variations} {by} {Using} {a} {Singular} {Cubic} {Curve}}},
	year = {2018},
	author = {Küçüksakall, Ömer}
}

@misc{Lan15,
	title = {\href{https://lucasntt.github.io/library.html?tags=Lan15}{{Arbitrary-Precision} {Arithmetics} {on} {the} {GPU}}},
	year = {2015},
	author = {Langer, Bernhard}
}

@misc{LBG08,
	title = {\href{https://lucasntt.github.io/library.html?tags=LBG08}{{Fast} {Computation} {of} {General} {Fourier} {Transforms} {on} {GPUs}}},
	year = {2008},
	author = {Lloyd and Boyd and Govindaraju}
}

@misc{Lee10,
	title = {\href{https://lucasntt.github.io/library.html?tags=Lee10}{{Debunking} {the} {100X} {GPU} {vs} {CPU} {Myth} {-} {An} {Evaluation} {of} {Throughput} {Computing} {on} {CPU} {and} {GPU}}},
	year = {2010},
	author = {Lee, Victor W.}
}

@misc{Lee10,
	title = {\href{https://lucasntt.github.io/library.html?tags=Lee10}{{Debunking} {the} {100X} {GPU} {vs}}},
	year = {2010},
	author = {Lee and et and al}
}

@misc{Lee10,
	title = {\href{https://lucasntt.github.io/library.html?tags=Lee10}{{Debunking} {the} {100X} {GPU} {vs}}},
	year = {2009},
	author = {Leip, Malte}
}

@misc{Lei09,
	title = {\href{https://lucasntt.github.io/library.html?tags=Lei09}{{Eine} {verständliche} {Beschreibung} {des} {Schönhage-Strassen-Algorithmus}}},
	year = {2009},
	author = {Leip, Malte}
}

@misc{Lei76,
	title = {\href{https://lucasntt.github.io/library.html?tags=Lei76}{{A} {Simplified} {Binary} {Arithmetic} {for} {the} {Fermat} {Number} {Transform}}},
	year = {1976},
	author = {Leibowitz, Lawrence M.}
}

@misc{LGLZ12,
	title = {\href{https://lucasntt.github.io/library.html?tags=LGLZ12}{{An} {Efficient} {Implementation} {of} {Double} {Precision} {1-D} {FFT} {for} {GPUs} {Using} {CUDA}}},
	year = {2012},
	author = {Liu and Guo and Luo and Zhang}
}

@misc{Li12,
	title = {\href{https://lucasntt.github.io/library.html?tags=Li12}{{OpenCL} {Fast} {Fourier} {Transform}}},
	year = {2012},
	author = {Li, Ruobing}
}

@misc{LL00,
	title = {\href{https://lucasntt.github.io/library.html?tags=LL00}{{An} {Efficient} {Probable} {Prime} {Test} {for} {Numbers} {of} {the} {Forms} {2n} {1} {div} {3}}},
	year = {2000},
	author = {Lifchitz, Renaud and Lifchitz, Henri}
}

@book{Loa92,
	title = {\href{https://lucasntt.github.io/library.html?tags=Loa92}{{Computational} {Frameworks} {for} {the} {Fast} {Fourier} {Transform}}},
	year = {1992},
	author = {Loan, Charles F. Van},
	doi = {10.1137/1.9781611970999},
	url = {https://doi.org/10.1137%2F1.9781611970999},
	month = {jan},
	publisher = {Society for Industrial and Applied Mathematics}
}

@misc{Loa93,
	title = {\href{https://lucasntt.github.io/library.html?tags=Loa93}{{The} {FFT} {Via} {Matrix} {Factorizations}}},
	year = {1993},
	author = {Loan, Charles F. Van}
}

@misc{Loa99,
	title = {\href{https://lucasntt.github.io/library.html?tags=Loa99}{{The} {ubiquitous} {Kronecker} {product}}},
	year = {1999},
	author = {Loan, Charles F. Van}
}

@article{LRT76,
	title = {\href{https://lucasntt.github.io/library.html?tags=LRT76}{{Fast} {Number-Theoretic} {Transforms} {for} {Digital} {Filtering}}},
	year = {1976},
	author = {Liu, K. Y. and Reed, I. S. and Truong, T. K.},
	doi = {10.1049/el:19760495},
	url = {https://doi.org/10.1049%2Fel%3A19760495},
	publisher = {Institution of Engineering and Technology ({IET})},
	volume = {12},
	number = {24},
	pages = {644},
	journal = {Electronics Letters}
}

@misc{LSIG05,
	title = {\href{https://lucasntt.github.io/library.html?tags=LSIG05}{{A} {VLSI} {Array} {Processing} {Oriented} {Fast} {Fourier} {Transform} {Algorithm} {and} {Hardware} {Implementation}}},
	year = {2005},
	author = {Liu, Zhenyu and Song, Yang and Ikenaga, Takeshi and Goto, Satoshi}
}

@misc{LSMY10,
	title = {\href{https://lucasntt.github.io/library.html?tags=LSMY10}{{Streaming} {FFT} {Asynchronously} {on} {Graphics} {Processor} {Units}}},
	year = {2010},
	author = {Lili, Zhao and Shengbing, Zhang and Men, Zhang and Yi, Zhang}
}

@misc{LT11,
	title = {\href{https://lucasntt.github.io/library.html?tags=LT11}{{GMP} {implementation} {on} {CUDA} {-} {A} {Backward} {Compatible} {Design} {With} {Performance} {Tuning}}},
	year = {2011},
	author = {Liu, Hao Jun and Tong, Chu}
}

@misc{LZJLW11,
	title = {\href{https://lucasntt.github.io/library.html?tags=LZJLW11}{{Automatic} {FFT} {Performance} {Tuning} {on} {OpenCL} {GPUs}}},
	year = {2011},
	author = {Li, Yan and Zhang, Yunquan and Jia, Haipeng and Long, Guoping and Wang, Ke}
}

@misc{MA03,
	title = {\href{https://lucasntt.github.io/library.html?tags=MA03}{{The} {FFT} {on} {a} {GPU}}},
	year = {2003},
	author = {Moreland, Kenneth and Angel, Edward}
}

@misc{MAF13,
	title = {\href{https://lucasntt.github.io/library.html?tags=MAF13}{{Accelerating} {Fast} {Fourier} {Transform} {for} {Wideband} {Channelization}}},
	year = {2013},
	author = {Mundo, Carlo del and Adhinarayanan, Vignesh and Feng, Wu-chun}
}

@misc{Mat08,
	title = {\href{https://lucasntt.github.io/library.html?tags=Mat08}{{Fast} {Fourier} {Transform} {Algorithms} {with} {Applications}}},
	year = {2008},
	author = {Mateer, Todd}
}

@misc{MATG12,
	title = {\href{https://lucasntt.github.io/library.html?tags=MATG12}{{Algorithmic} {Strategies} {for} {Optimizing} {the} {Parallel} {Reduction} {Primitive} {in} {CUDA}}},
	year = {2012},
	author = {Martín, Pedro J. and Ayuso, Luis F. and Torres, Roberto and Gavilanes, Antonio}
}

@misc{MCBIYV11,
	title = {\href{https://lucasntt.github.io/library.html?tags=MCBIYV11}{{Prospects} {for} {scalable} {3D} {FFTs} {on} {heterogeneous} {exascale} {systems}}},
	year = {2011},
	author = {McClanahan, Chris and Czechowski, Kent and Battaglino, Casey and Iyer, Kartik and Yeung, P.K. and Vuduc, Richard}
}

@misc{Mei03,
	title = {\href{https://lucasntt.github.io/library.html?tags=Mei03}{{Implementation} {and} {performance} {evaluation} {of} {parallel} {FFT} {algorithms}}},
	year = {2003},
	author = {Meiyappan, S.}
}

@misc{Mer09a,
	title = {\href{https://lucasntt.github.io/library.html?tags=Mer09a}{{Faster} {Lucas-Lehmer} {test} {using} {integer} {arithmetic-} {Page} {4}}},
	year = {2009},
	author = {mersenneforum},
	howpublished = {\url{http://www.mersenneforum.org/showthread.php?t=11243&highlight=strassen&page=4}}
}

@misc{Mer09b,
	title = {\href{https://lucasntt.github.io/library.html?tags=Mer09b}{{Faster} {Lucas-Lehmer} {test} {using} {integer} {arithmetic-} {Page} {10}}},
	year = {2009},
	author = {mersenneforum},
	howpublished = {\url{http://www.mersenneforum.org/showthread.php?t=11243&page=10}}
}

@misc{Mer12,
	title = {\href{https://lucasntt.github.io/library.html?tags=Mer12}{{some} {FFT} {Mul} {questions} {-} {mersenneforum}}},
	year = {2012},
	author = {mersenneforum},
	howpublished = {\url{http://www.mersenneforum.org/showthread.php?t=16418}}
}

@misc{MF13,
	title = {\href{https://lucasntt.github.io/library.html?tags=MF13}{{Enabling} {Efficient} {Intra-Warp} {Communication} {for} {Fourier} {Transforms} {in} {a} {Many-Core} {Architecture}}},
	year = {2013},
	author = {Mundo, Carlo del and Feng, Wu-chung}
}

@misc{MF14,
	title = {\href{https://lucasntt.github.io/library.html?tags=MF14}{{Towards} {a} {Performance-Portable} {FFT} {Library} {for} {Heterogeneous} {Computing}}},
	year = {2014},
	author = {Mundo, Carlo del and Feng, Wu-chung}
}

@misc{Mon05,
	title = {\href{https://lucasntt.github.io/library.html?tags=Mon05}{{Five,} {Six,} {and} {Seven-Term} {Karatsuba-Like} {Formulae}}},
	year = {2005},
	author = {Montgomery, Peter L.}
}

@misc{Mon85,
	title = {\href{https://lucasntt.github.io/library.html?tags=Mon85}{{Modular} {Multiplication} {Without} {Trial} {Division}}},
	year = {1985},
	author = {Montgomery, Peter L.}
}

@misc{Mor88,
	title = {\href{https://lucasntt.github.io/library.html?tags=Mor88}{{Implementation} {of} {the} {Atkin-Goldwasser-Kilian} {Primality} {Testing} {Algorithm}}},
	year = {1988},
	author = {Morain, Francois}
}

@misc{MP10,
	title = {\href{https://lucasntt.github.io/library.html?tags=MP10}{{Fast} {polynomial} {multiplication} {on} {a} {GPU}}},
	year = {2010},
	author = {Maza, Marc Moreno and Pan, Wei}
}

@misc{MS11,
	title = {\href{https://lucasntt.github.io/library.html?tags=MS11}{{Small} {Discrete} {Fourier} {Transforms} {on} {GPUs}}},
	year = {2011},
	author = {Mitra, S. and Srinivasan, A.}
}

@misc{MS90,
	title = {\href{https://lucasntt.github.io/library.html?tags=MS90}{{An} {FFT} {Extension} {to} {the} {P-1} {Factoring} {Algorithm}}},
	year = {1990},
	author = {Montgomery, Peter L. and Silverman, Robert D.}
}

@misc{MX09,
	title = {\href{https://lucasntt.github.io/library.html?tags=MX09}{{FFT-based} {Dense} {Polynomial} {Arithmetic} {on} {Multi-cores}}},
	year = {2009},
	author = {Maza, Marc Moreno and Xie, Yuzhen}
}

@misc{Nic70,
	title = {\href{https://lucasntt.github.io/library.html?tags=Nic70}{{Algebraic} {Theory} {of} {Finite} {Fourier} {Transforms}}},
	year = {1970},
	author = {Nicholson, Peter J.}
}

@misc{NJRT12,
	title = {\href{https://lucasntt.github.io/library.html?tags=NJRT12}{{Implementation} {of} {3D} {FFTs} {Across} {Multiple} {GPUs} {in} {Shared} {Memory} {Environments}}},
	year = {2012},
	author = {Nandapalan and Jaros and Rendell and Treeby}
}

@misc{NM09,
	title = {\href{https://lucasntt.github.io/library.html?tags=NM09}{{Auto-Tuning} {3-D} {FFT} {Library} {for} {CUDA} {GPUs}}},
	year = {2009},
	author = {Nukada, Akira and Matsuoka, Satoshi}
}

@misc{NOEM08,
	title = {\href{https://lucasntt.github.io/library.html?tags=NOEM08}{{Bandwidth} {Intensive} {3-D} {FFT} {kernel} {for} {GPUs} {using} {CUDA}}},
	year = {2008},
	author = {Nukada, Akira and Ogata, Yasuhiko and Endo, Toshio and Matsuoka, Satoshi}
}

@misc{NP06,
	title = {\href{https://lucasntt.github.io/library.html?tags=NP06}{{Five-step} {FFT} {algorithm} {with} {reduced} {computational} {complexity}}},
	year = {2006},
	author = {Al Na'mneh, Rami and Pan, W. David}
}

@misc{NQ78,
	title = {\href{https://lucasntt.github.io/library.html?tags=NQ78}{{Computation} {of} {Convolutions} {and} {Discrete} {Fourier} {Transforms} {by} {Polynomial} {Transforms}}},
	year = {1978},
	author = {Nussbaumer, H. J. and Quandalle, P.}
}

@misc{NQ79,
	title = {\href{https://lucasntt.github.io/library.html?tags=NQ79}{{New} {Polynomial} {Tranform} {Algorithms} {for} {fast} {DFT} {Computation}}},
	year = {1979},
	author = {Nussbaumer, H.J. and Quandalle, P.}
}

@misc{NQ79,
	title = {\href{https://lucasntt.github.io/library.html?tags=NQ79}{{New} {Polynomial} {Transform} {Algorithms} {for} {fast} {DFT} {Computation}}},
	year = {1979},
	author = {Nussbaumer, H.J. and Quandalle, P.}
}

@misc{NSM12,
	title = {\href{https://lucasntt.github.io/library.html?tags=NSM12}{{Scalable} {Multi-GPU} {3-D} {FFT} {for} {TSUBAME} {2.0} {Supercomputer}}},
	year = {2012},
	author = {Nukada, Akira and Sato, Kento and Matsuoka, Satoshi}
}

@article{Nus77,
	title = {\href{https://lucasntt.github.io/library.html?tags=Nus77}{{Digital} {Filtering} {Using} {Pseudo} {Fermat} {Number} {Transforms}}},
	year = {1977},
	author = {Nussbaumer, Henri J.},
	doi = {10.1109/tassp.1977.1162899},
	url = {https://doi.org/10.1109%2Ftassp.1977.1162899},
	month = {feb},
	publisher = {Institute of Electrical and Electronics Engineers ({IEEE})},
	volume = {25},
	number = {1},
	pages = {79--83},
	journal = {{IEEE} Transactions on Acoustics, Speech, and Signal Processing}
}

@book{Nus82,
	title = {\href{https://lucasntt.github.io/library.html?tags=Nus82}{{Fast} {Fourier} {Transform} {and} {Convolution} {Algorithms}}},
	year = {1982},
	author = {Nussbaumer, Henri J.},
	doi = {10.1007/978-3-642-81897-4},
	url = {https://doi.org/10.1007%2F978-3-642-81897-4},
	publisher = {Springer Berlin Heidelberg}
}

@misc{OCN02,
	title = {\href{https://lucasntt.github.io/library.html?tags=OCN02}{{Integer} {Fast} {Fourier} {Transform}}},
	year = {2002},
	author = {Oraintara and Chen and Nguyen}
}

@misc{OEMM08,
	title = {\href{https://lucasntt.github.io/library.html?tags=OEMM08}{{An} {efficient,} {model-based} {CPU-GPU} {heterogeneous} {FFT} {library}}},
	year = {2008},
	author = {Ogata and Endo and Maruyama and Matsuoka}
}

@article{OJS25,
	title = {\href{https://lucasntt.github.io/library.html?tags=OJS25}{{High-Performance} {Number} {Theoretic} {Transform} {on} {GPU} {Through} {radix2-CT} {and} {4-Step} {Algorithms}}},
	year = {2025},
	author = {Ozcan,  Alisah and Javeed,  Arsalan and Savas,  Erkay},
	volume = {13},
	issn = {2169-3536},
	url = {http://dx.doi.org/10.1109/ACCESS.2025.3570024},
	doi = {10.1109/access.2025.3570024},
	journal = {IEEE Access},
	publisher = {Institute of Electrical and Electronics Engineers (IEEE)},
	pages = {87862–87883}
}

@misc{Osg07,
	title = {\href{https://lucasntt.github.io/library.html?tags=Osg07}{{The} {Fourier} {Transform} {and} {its} {Applications}}},
	year = {2007},
	author = {Osgood, Brad}
}

@misc{OSH05,
	title = {\href{https://lucasntt.github.io/library.html?tags=OSH05}{{Assessment} {of} {Graphic} {Processing} {Units} {(GPUs)} {for} {Department} {of} {Defense} {(DoD)} {Digital} {Signal} {Processing} {(DSP)} {Applications}}},
	year = {2005},
	author = {Owens, John D. and Sengupta, Shubhabrata and Horn, Daniel}
}

@misc{PCLZI08,
	title = {\href{https://lucasntt.github.io/library.html?tags=PCLZI08}{{Implementation} {of} {a} {Parallel} {Architecture} {for} {Radix-2} {Fast} {Fourier} {Transform}}},
	year = {2008},
	author = {Philipov, Ph. and Costov, I. and Lazarov, V. and Zlatev, Z. and Ivanova, M.}
}

@article{Pea68,
	title = {\href{https://lucasntt.github.io/library.html?tags=Pea68}{{An} {Adaptation} {of} {the} {Fast} {Fourier} {Transform} {for} {Parallel} {Processing}}},
	year = {1968},
	author = {Pease, Marshall C.},
	doi = {10.1145/321450.321457},
	url = {https://doi.org/10.1145%2F321450.321457},
	month = {apr},
	publisher = {Association for Computing Machinery ({ACM})},
	volume = {15},
	number = {2},
	pages = {252--264},
	journal = {Journal of the {ACM}}
}

@misc{Per02,
	title = {\href{https://lucasntt.github.io/library.html?tags=Per02}{{Rapid} {multiplication} {modulo} {the} {sum} {and} {difference} {of} {highly} {composite} {numbers}}},
	year = {2002},
	author = {Percival, Colin}
}

@inproceedings{PG05,
	title = {\href{https://lucasntt.github.io/library.html?tags=PG05}{{Fast} {Modular} {Reduction} {for} {Large} {Wordlengths} {via} {One} {Linear} {and} {One} {Cyclic} {Convolution}}},
	year = {2005},
	author = {Phatak, D.S. and Goff, T.},
	doi = {10.1109/arith.2005.21},
	url = {https://doi.org/10.1109%2Farith.2005.21},
	publisher = {{IEEE}},
	booktitle = {17th {IEEE} Symposium on Computer Arithmetic ({ARITH}{\textquotesingle}05)}
}

@misc{Pie18,
	title = {\href{https://lucasntt.github.io/library.html?tags=Pie18}{{Simple} {Verifiable} {Delay} {Functions}}},
	year = {2018},
	author = {Pietrzak, Krzysztof}
}

@article{PMJPVS05,
	title = {\href{https://lucasntt.github.io/library.html?tags=PMJPVS05}{{SPIRAL} {Code} {Generation} {for} {DSP} {Transforms}}},
	year = {2005},
	author = {Puschel, M. and Moura, J.M.F. and Johnson, J.R. and Padua, D. and Veloso, M.M. and Singer, B.W. and Xiong,  Jianxin and Franchetti, F. and Gacic, A. and Voronenko, Y. and Chen, K. and Johnson, R.W. and Rizzolo, N.},
	doi = {10.1109/jproc.2004.840306},
	url = {https://doi.org/10.1109%2Fjproc.2004.840306},
	month = {feb},
	publisher = {Institute of Electrical and Electronics Engineers ({IEEE})},
	volume = {93},
	number = {2},
	pages = {232--275},
	journal = {Proceedings of the {IEEE}}
}

@article{Pol71,
	title = {\href{https://lucasntt.github.io/library.html?tags=Pol71}{{The} {Fast} {Fourier} {Transform} {in} {a} {Finite} {Field}}},
	year = {1971},
	author = {Pollard, J. M.},
	volume = {25},
	issn = {1088-6842},
	url = {http://dx.doi.org/10.1090/S0025-5718-1971-0301966-0},
	doi = {10.1090/s0025-5718-1971-0301966-0},
	number = {114},
	journal = {Mathematics of Computation},
	publisher = {American Mathematical Society (AMS)},
	pages = {365–374}
}

@misc{Pol74,
	title = {\href{https://lucasntt.github.io/library.html?tags=Pol74}{{Theorems} {on} {factorization} {and} {primality} {testing}}},
	year = {1974},
	author = {Pollard, J. M.}
}

@misc{Pol76,
	title = {\href{https://lucasntt.github.io/library.html?tags=Pol76}{{Implementation} {of} {Number} {Theoretic} {Transforms}}},
	year = {1976},
	author = {Pollard, J. M.}
}

@misc{Pom02,
	title = {\href{https://lucasntt.github.io/library.html?tags=Pom02}{{Primality} {Testing} {Variations} {on} {a} {theme} {of} {Lucas}}},
	year = {2002},
	author = {Pomerance, Carl}
}

@misc{Pom81,
	title = {\href{https://lucasntt.github.io/library.html?tags=Pom81}{{Recent} {Developments} {in} {Primality} {Testing}}},
	year = {1981},
	author = {Pomerance, Carl}
}

@misc{PTVF07,
	title = {\href{https://lucasntt.github.io/library.html?tags=PTVF07}{{Numerical} {Recipes}}},
	year = {2007},
	author = {Press, William H. and Teukolsky, Saul A. and Vetterling, William T. and Flannery, Brian P.}
}

@article{PVCM09,
	title = {\href{https://lucasntt.github.io/library.html?tags=PVCM09}{{Discrete} {Fourier} {Transform} {on} {Multicore}}},
	year = {2009},
	author = {Franchetti, Franz and Püschel, Markus and Voronenko, Yevgen and Chellappa, Srinivas and Moura, José M.F.},
	doi = {10.1109/msp.2009.934155},
	url = {https://doi.org/10.1109%2Fmsp.2009.934155},
	month = {nov},
	publisher = {Institute of Electrical and Electronics Engineers ({IEEE})},
	volume = {26},
	number = {6},
	pages = {90--102},
	journal = {{IEEE} Signal Processing Magazine}
}

@misc{QLAT94,
	title = {\href{https://lucasntt.github.io/library.html?tags=QLAT94}{{Self-sorting} {In-Place} {FFT} {Algorithm} {with} {Minimum} {Working} {Space}}},
	year = {1994},
	author = {Qian, Z. and Lu, C. and An, M. and Tolimieri, R.}
}

@article{Rad68,
	title = {\href{https://lucasntt.github.io/library.html?tags=Rad68}{{Discrete} {Fourier} {Transforms} {When} {the} {Number} {of} {Data} {Samples} {is} {Prime}}},
	year = {1968},
	author = {Rader, Charles M.},
	doi = {10.1109/proc.1968.6477},
	url = {https://doi.org/10.1109%2Fproc.1968.6477},
	publisher = {Institute of Electrical and Electronics Engineers ({IEEE})},
	volume = {56},
	number = {6},
	pages = {1107--1108},
	journal = {Proceedings of the {IEEE}}
}

@article{Rad72,
	title = {\href{https://lucasntt.github.io/library.html?tags=Rad72}{{Discrete} {Convolutions} {via} {Mersenne} {Transforms}}},
	year = {1972},
	author = {Rader, Charles M.},
	volume = {C–21},
	issn = {2326-3814},
	url = {http://dx.doi.org/10.1109/T-C.1972.223497},
	doi = {10.1109/t-c.1972.223497},
	number = {12},
	journal = {IEEE Transactions on Computers},
	publisher = {Institute of Electrical and Electronics Engineers (IEEE)},
	month = dec,
	pages = {1269–1273}
}

@misc{Ree75,
	title = {\href{https://lucasntt.github.io/library.html?tags=Ree75}{{The} {use} {of} {finite} {fields} {and} {rings} {to} {compute} {convolutions}}},
	year = {1975},
	author = {Reed, I. S.}
}

@misc{RGD02,
	title = {\href{https://lucasntt.github.io/library.html?tags=RGD02}{{A} {new} {Superfast} {Bit} {Reversal} {Algorithm}}},
	year = {2002},
	author = {Rubio, M. and Gomez, P. and Drouiche, K.}
}

@misc{Rib04,
	title = {\href{https://lucasntt.github.io/library.html?tags=Rib04}{{The} {Little} {Book} {of} {Bigger} {Primes}}},
	year = {2004},
	author = {Ribenboim, Paulo}
}

@misc{Rie69,
	title = {\href{https://lucasntt.github.io/library.html?tags=Rie69}{{Lucasian} {Criteria} {for} {the} {Primality} {of} {N=h2n-1}}},
	year = {1969},
	author = {Riesel, Hans}
}

@misc{RLT77,
	title = {\href{https://lucasntt.github.io/library.html?tags=RLT77}{{A} {New} {Fast} {Algorithm} {for} {Computing} {a} {Complex} {Number} {Theoretic} {Transforms}}},
	year = {1977},
	author = {Reed, I. S. and Liu, K. Y. and Truong, T. K.}
}

@misc{RM09,
	title = {\href{https://lucasntt.github.io/library.html?tags=RM09}{{Optimizing} {Matrix} {Transpose} {in} {CUDA}}},
	year = {2009},
	author = {Ruetsch, Greg and Micikevicius, Paulius}
}

@misc{Rob13,
	title = {\href{https://lucasntt.github.io/library.html?tags=Rob13}{{robertek-mi-pap} {·} {GitHub}}},
	year = {2013},
	author = {Robertek},
	howpublished = {\url{https://github.com/robertek/mi-pap}}
}

@misc{Rob58,
	title = {\href{https://lucasntt.github.io/library.html?tags=Rob58}{{A} {Report} {on} {Primes} {of} {the} {form} {k.2n} {plus} {1} {and} {on} {Factors} {of} {Fermat} {Numbers}}},
	year = {1958},
	author = {Robinson, Raphaël M.}
}

@misc{Roc99,
	title = {\href{https://lucasntt.github.io/library.html?tags=Roc99}{{The} {FFT} {-} {an} {algorithm} {the} {whole} {family} {can} {use}}},
	year = {1999},
	author = {Rockmore, Daniel N.}
}

@misc{Ros80,
	title = {\href{https://lucasntt.github.io/library.html?tags=Ros80}{{Matrix} {Identities} {of} {the} {Fast} {Fourier} {Transform}}},
	year = {1980},
	author = {Rose , Donald J.}
}

@misc{Ros80,
	title = {\href{https://lucasntt.github.io/library.html?tags=Ros80}{{Matrix} {Identities} {of} {the} {Fast} {Fourier} {Transform}}},
	year = {1980},
	author = {Rose, Donald J.}
}

@article{RT75,
	title = {\href{https://lucasntt.github.io/library.html?tags=RT75}{{The} {use} {of} {Finite} {Fields} {to} {Compute} {Convolutions}}},
	year = {1975},
	author = {Reed, I. and Truong,  Treiu-Kien},
	doi = {10.1109/tit.1975.1055352},
	url = {https://doi.org/10.1109%2Ftit.1975.1055352},
	month = {mar},
	publisher = {Institute of Electrical and Electronics Engineers ({IEEE})},
	volume = {21},
	number = {2},
	pages = {208--213},
	journal = {{IEEE} Transactions on Information Theory}
}

@article{RT76,
	title = {\href{https://lucasntt.github.io/library.html?tags=RT76}{{Convolutions} {Over} {Residue} {Classes} {of} {Quadratic} {Integers}}},
	year = {1976},
	author = {Reed, I. and Truong,  Treiu-Kien},
	doi = {10.1109/tit.1976.1055583},
	url = {https://doi.org/10.1109%2Ftit.1976.1055583},
	month = {jul},
	publisher = {Institute of Electrical and Electronics Engineers ({IEEE})},
	volume = {22},
	number = {4},
	pages = {468--475},
	journal = {{IEEE} Transactions on Information Theory}
}

@misc{RT77,
	title = {\href{https://lucasntt.github.io/library.html?tags=RT77}{{Fast} {Algorithms} {for} {Computing} {Mersenne-Prime} {Number-Theoretic} {Transforms}}},
	year = {1977},
	author = {Reed, I. S. and Truong, T. K.}
}

@misc{RT78a,
	title = {\href{https://lucasntt.github.io/library.html?tags=RT78a}{{A} {Fast} {DFT} {Algorithm} {Using} {Complex} {Integer} {Transforms}}},
	year = {1978},
	author = {Reed, I. s. and Truong, T. K.}
}

@misc{RT78b,
	title = {\href{https://lucasntt.github.io/library.html?tags=RT78b}{{A} {Fast} {Complex} {Integer} {Convolution} {Using} {a} {Hybrid} {Transform}}},
	year = {1978},
	author = {Reed, I. S. and Truong, T. K.}
}

@misc{RTGZ07,
	title = {\href{https://lucasntt.github.io/library.html?tags=RTGZ07}{{Locality-Improved} {FFT} {Implementation} {on} {a} {Graphics} {Processor}}},
	year = {2007},
	author = {Romero, Sergio and Trenas, Maria A. and Gutierrez, Eladio and Zapata, Emilio L.}
}

@article{RTKH77,
	title = {\href{https://lucasntt.github.io/library.html?tags=RTKH77}{{Image} {Processing} {by} {Transforms} {Over} {a} {Finite} {Field}}},
	year = {1977},
	author = {Reed, Irving S. and Truong, T.K. and Kwoh, Yik S. and Hall, Ernest L.},
	doi = {10.1109/tc.1977.1674935},
	url = {https://doi.org/10.1109%2Ftc.1977.1674935},
	month = {sep},
	publisher = {Institute of Electrical and Electronics Engineers ({IEEE})},
	volume = {C-26},
	number = {9},
	pages = {874--881},
	journal = {{IEEE} Transactions on Computers}
}

@misc{RTM78,
	title = {\href{https://lucasntt.github.io/library.html?tags=RTM78}{{A} {New} {Algorithm} {for} {Computing} {Primitive} {Elements} {in} {GF(q2)}}},
	year = {1978},
	author = {Reed, I. S. and Truong, T. K. and Miller, R. L.}
}

@inproceedings{Sai93,
	title = {\href{https://lucasntt.github.io/library.html?tags=Sai93}{{Generalized} {FFT} {Algorithm}}},
	year = {1993},
	author = {Saidi, A.},
	doi = {10.1109/icc.1993.397262},
	url = {https://doi.org/10.1109%2Ficc.1993.397262},
	publisher = {{IEEE}},
	booktitle = {Proceedings of {ICC} {\textquotesingle}93 - {IEEE} International Conference on Communications}
}

@inproceedings{Sai94,
	title = {\href{https://lucasntt.github.io/library.html?tags=Sai94}{{Decimation-in-time-frequency} {FFT} {Algorithm}}},
	year = {1994},
	author = {Saidi, A.},
	doi = {10.1109/icassp.1994.389992},
	url = {https://doi.org/10.1109%2Ficassp.1994.389992},
	publisher = {{IEEE}},
	booktitle = {Proceedings of {ICASSP} {\textquotesingle}94. {IEEE} International Conference on Acoustics, Speech and Signal Processing}
}

@misc{SC83,
	title = {\href{https://lucasntt.github.io/library.html?tags=SC83}{{Very} {Fast} {Discrete} {Fourier} {Transform,} {using} {Number} {Theoretic} {Transform}}},
	year = {1983},
	author = {Siu, Wan-chi and Constantinides, A.G.}
}

@misc{SC84,
	title = {\href{https://lucasntt.github.io/library.html?tags=SC84}{{On} {the} {Computation} {of} {Discrete} {Fourier} {Transform} {using} {Fermat} {Number} {Transform}}},
	year = {1984},
	author = {Siu, Wan-Chi and Constantinides, A.G.}
}

@misc{Sch12,
	title = {\href{https://lucasntt.github.io/library.html?tags=Sch12}{{Multiplication} {and} {the} {Fast} {Fourier} {Transform}}},
	year = {2012},
	author = {Schwartz, Rich}
}

@misc{SG12,
	title = {\href{https://lucasntt.github.io/library.html?tags=SG12}{{Implementation} {Study} {of} {FFT} {on} {Multi-Lane} {Vector} {Processors}}},
	year = {2012},
	author = {Spinean, Bogdan and Gaydadjiev, Georgi}
}

@misc{SH14,
	title = {\href{https://lucasntt.github.io/library.html?tags=SH14}{{Designing} {and} {Auto-Tuning} {Parallel} {3-D} {FFT} {for} {Computation-Communication} {Overlap}}},
	year = {2014},
	author = {Song, Sukhyun and Hollingsworth, Jeffrey K.}
}

@misc{SH63,
	title = {\href{https://lucasntt.github.io/library.html?tags=SH63}{{Fermat} {Numbers} {and} {Mersenne} {Numbers}}},
	year = {1963},
	author = {Selfridge, J. L. and Hurwitz, Alexander}
}

@misc{Sho92,
	title = {\href{https://lucasntt.github.io/library.html?tags=Sho92}{{Searching} {For} {Primitive} {Roots} {in} {Finite} {Fields}}},
	year = {1992},
	author = {Shoup, Victor}
}

@misc{Sho96,
	title = {\href{https://lucasntt.github.io/library.html?tags=Sho96}{{Computation} {of} {Irregular} {Primes} {up} {to} {Eight} {Million}}},
	year = {1996},
	author = {Shokrollahi, M.A.}
}

@misc{Sil99,
	title = {\href{https://lucasntt.github.io/library.html?tags=Sil99}{{Fast} {Multiplication} {in} {Finite} {Fields} {GF(2n)}}},
	year = {1999},
	author = {Silverman, Joseph H.}
}

@misc{Sim04,
	title = {\href{https://lucasntt.github.io/library.html?tags=Sim04}{{Symmetrical} {Factorization} {of} {the} {Fast} {Fourier} {Transform} {for} {Efficient} {Implementation}}},
	year = {2004},
	author = {Sim, H. K.}
}

@article{Sin67a,
	title = {\href{https://lucasntt.github.io/library.html?tags=Sin67a}{{A} {method} {for} {computing} {the} {fast} {Fourier} {transform} {with} {auxiliary} {memory} {and} {limited} {high-speed} {storage}}},
	year = {1967},
	author = {Singleton, Richard C.},
	doi = {10.1109/tau.1967.1161906},
	url = {https://doi.org/10.1109%2Ftau.1967.1161906},
	month = {jun},
	publisher = {Institute of Electrical and Electronics Engineers ({IEEE})},
	volume = {15},
	number = {2},
	pages = {91--98},
	journal = {{IEEE} Transactions on Audio and Electroacoustics}
}

@misc{Sin67b,
	title = {\href{https://lucasntt.github.io/library.html?tags=Sin67b}{{On} {computing} {the} {fast} {Fourier} {transform}}},
	year = {1967},
	author = {Singleton, Richard C.}
}

@misc{Sin69,
	title = {\href{https://lucasntt.github.io/library.html?tags=Sin69}{{An} {algorithm} {for} {computing} {the} {mixed} {radix} {fast} {Fourier} {transform}}},
	year = {1969},
	author = {Singleton, Richard C.}
}

@misc{SKG11,
	title = {\href{https://lucasntt.github.io/library.html?tags=SKG11}{{Vector} {Processor} {Customization} {for} {FFT}}},
	year = {2011},
	author = {Spinean, Bogdan and Kuzmanov, Georgi and Gaydadjiev, Georgi}
}

@misc{SL05,
	title = {\href{https://lucasntt.github.io/library.html?tags=SL05}{{GPU} {Gems} {-} {Chapter} {48}}},
	year = {2005},
	author = {Sumanaweera and Liu},
	howpublished = {\url{https://developer.nvidia.com/gpugems/gpugems2/part-vi-simulation-and-numerical-algorithms/chapter-48-medical-image-reconstruction}}
}

@misc{Smi02,
	title = {\href{https://lucasntt.github.io/library.html?tags=Smi02}{{Mathematics} {Of} {The} {Discrete} {Fourier} {Transform}}},
	year = {2002},
	author = {Smith, Julius O.}
}

@misc{Sol99,
	title = {\href{https://lucasntt.github.io/library.html?tags=Sol99}{{Generalized} {Mersenne} {Numbers}}},
	year = {1999},
	author = {Solinas, Jerome A.}
}

@misc{Sou78,
	title = {\href{https://lucasntt.github.io/library.html?tags=Sou78}{{Description} {and} {implementation} {of} {number} {theoretic} {transforms}}},
	year = {1978},
	author = {Sousa, Antonio Catarino Rodrigues De}
}

@misc{SP07,
	title = {\href{https://lucasntt.github.io/library.html?tags=SP07}{{FFTs} {of} {Arbitrary} {Dimensions} {on} {GPUs}}},
	year = {2007},
	author = {Sun, Xiaobai and Pitsianis, Nikos}
}

@misc{Spi03,
	title = {\href{https://lucasntt.github.io/library.html?tags=Spi03}{{Implementing} {a} {GPU-Efficient} {FFT}}},
	year = {2003},
	author = {Spitzer, John}
}

@misc{SRS10,
	title = {\href{https://lucasntt.github.io/library.html?tags=SRS10}{{A} {Rigorous} {Extension} {of} {the} {Schonhage-Strassen} {Integer} {Multiplication} {Algorithm} {Using} {Complex} {Interval} {Arithmetic}}},
	year = {2010},
	author = {Steinke, Thomas and Sainudiin, Raazesh}
}

@article{SS70,
	title = {\href{https://lucasntt.github.io/library.html?tags=SS70}{{Schnelle} {Multiplikation} {grosser} {Zahlen}}},
	year = {1971},
	author = {Schönhage and Strassen},
	volume = {7},
	issn = {1436-5057},
	url = {http://dx.doi.org/10.1007/bf02242355},
	doi = {10.1007/bf02242355},
	number = {3–4},
	journal = {Computing},
	publisher = {Springer Science and Business Media LLC},
	month = sep,
	pages = {281–292}
}

@misc{Ste06,
	title = {\href{https://lucasntt.github.io/library.html?tags=Ste06}{{Reduce} {Everything} {to} {Multiplication}}},
	year = {2006},
	author = {Steel, Allan}
}

@misc{Sto66,
	title = {\href{https://lucasntt.github.io/library.html?tags=Sto66}{{High-speed} {convolution} {and} {correlation}}},
	year = {1966},
	author = {Stockham, Thomas G.}
}

@misc{Sun13,
	title = {\href{https://lucasntt.github.io/library.html?tags=Sun13}{{Fast} {In-place} {Transposition}}},
	year = {2013},
	author = {Sung, I-Jui}
}

@misc{Swa84,
	title = {\href{https://lucasntt.github.io/library.html?tags=Swa84}{{FFT} {algorithms} {for} {vector} {computers}}},
	year = {1984},
	author = {Swarztrauber, Paul}
}

@misc{Swa87,
	title = {\href{https://lucasntt.github.io/library.html?tags=Swa87}{{Multiprocessor} {FFTs}}},
	year = {1987},
	author = {Swarztrauber, Paul N.}
}

@misc{Sze11,
	title = {\href{https://lucasntt.github.io/library.html?tags=Sze11}{{Schönhage-Strassen} {Algorithm} {with} {MapReduce} {for} {Multiplying} {Terabit} {Integers}}},
	year = {2011},
	author = {Sze, Tsz-Wo}
}

@misc{TA01,
	title = {\href{https://lucasntt.github.io/library.html?tags=TA01}{{Lesser} {Known} {FFT} {Algorithms}}},
	year = {2001},
	author = {Tolimieri, R. and An, M.}
}

@misc{Tak03,
	title = {\href{https://lucasntt.github.io/library.html?tags=Tak03}{{A} {parallel} {1-D} {FFT} {algorithm} {for} {the} {Hitachi} {SR8000}}},
	year = {2003},
	author = {Takahashi, Daisuke}
}

@misc{Tak06,
	title = {\href{https://lucasntt.github.io/library.html?tags=Tak06}{{An} {Implementation} {of} {Parallel} {1-D} {FFT} {Using} {SSE3} {Instructions} {on} {Dual-Core} {Processors}}},
	year = {2006},
	author = {Takahashi, Daisuke}
}

@misc{Tak13,
	title = {\href{https://lucasntt.github.io/library.html?tags=Tak13}{{Implementation} {of} {Parallel} {1-D} {FFT} {on} {GPU} {Clusters}}},
	year = {2013},
	author = {Takahashi, Daisuke}
}

@misc{TBT12,
	title = {\href{https://lucasntt.github.io/library.html?tags=TBT12}{{On} {Some} {Results} {of} {Number} {Theoretic} {Transform} {(NTT)} {-} {Periodic} {Signals}}},
	year = {2012},
	author = {Touba, M. and Bennia, A. and Touba, S.}
}

@misc{Tem83,
	title = {\href{https://lucasntt.github.io/library.html?tags=Tem83}{{Self-sorting} {mixed-radix} {fast} {Fourier} {transforms}}},
	year = {1983},
	author = {Temperton, Clive}
}

@misc{Tem91,
	title = {\href{https://lucasntt.github.io/library.html?tags=Tem91}{{Self-Sorting} {In-Place} {Fast} {Fourier} {Transforms}}},
	year = {1991},
	author = {Temperton, Clive}
}

@misc{TF03,
	title = {\href{https://lucasntt.github.io/library.html?tags=TF03}{{A} {Method} {for} {Fast} {Computation} {of} {the} {Fourier} {Transform} {over} {a} {Finite} {Field}}},
	year = {2003},
	author = {Trifonov, P.V. and Fedorenko, S. V.}
}

@misc{Tha07,
	title = {\href{https://lucasntt.github.io/library.html?tags=Tha07}{{Extended-Precision} {Floating-Point} {Numbers} {for} {GPU} {Computation}}},
	year = {2007},
	author = {Thall, Andrew}
}

@misc{Tha07,
	title = {\href{https://lucasntt.github.io/library.html?tags=Tha07}{{Implementing} {a} {Fast} {Lucas-Lehmer} {Test} {on} {Programmable} {Graphics} {Hardware}}},
	year = {2007},
	author = {Thall, Andrew}
}

@misc{Tha11,
	title = {\href{https://lucasntt.github.io/library.html?tags=Tha11}{{Fast} {Mersenne} {Prime} {Testing} {on} {the} {GPU}}},
	year = {2011},
	author = {Thall, Andrew}
}

@article{The69,
	title = {\href{https://lucasntt.github.io/library.html?tags=The69}{{A} {Matrix} {Version} {of} {the} {Fast} {Fourier} {Transform}}},
	year = {1969},
	author = {Theilheimer, F.},
	doi = {10.1109/tau.1969.1162031},
	url = {https://doi.org/10.1109%2Ftau.1969.1162031},
	month = {jun},
	publisher = {Institute of Electrical and Electronics Engineers ({IEEE})},
	journal = {IEEE Transactions on Audio and Electroacoustics},
	volume = {17},
	number = {2},
	pages = {158--161}
}

@misc{TLRW80,
	title = {\href{https://lucasntt.github.io/library.html?tags=TLRW80}{{On} {the} {Application} {of} {a} {Fast} {Polynomial} {Transform} {and} {the} {Chinese} {Remainder} {Theorem} {to} {Compute} {a} {Two-Dimensional} {Convolution}}},
	year = {1980},
	author = {Truong, T. K. and Lipes, R. and Reed, I.S. and Wu, C.}
}

@book{TMC89,
	title = {\href{https://lucasntt.github.io/library.html?tags=TMC89}{{Algorithms} {for} {Discrete} {Fourier} {Transform} {and} {Convolution}}},
	year = {1989},
	author = {Tolimieri, R. and An, Myoung and Lu, Chao},
	doi = {10.1007/978-1-4757-3854-4},
	url = {https://doi.org/10.1007%2F978-1-4757-3854-4},
	publisher = {Springer New York}
}

@misc{TMSS13,
	title = {\href{https://lucasntt.github.io/library.html?tags=TMSS13}{{Implementation} {of} {Fast} {Adder} {Using} {Redundant} {Binary} {Signed} {Digit}}},
	year = {2013},
	author = {Thakre, Shantanu and Mahajan, Viplav and Shukla, Shailesh and Sasan, Rohan and Jibhkate, Pankaj and Deoghare, Sagar and Morankar, Mrs. Gouri}
}

@article{Too63,
	title = {\href{https://lucasntt.github.io/library.html?tags=Too63}{{The} {Complexity} {of} {a} {Scheme} {of} {Functional} {Elements} {Realizing} {The} {Multiplication} {of} {Integers}}},
	year = {1963},
	author = {Toom, A.L.},
	issn = {0197--6788},
	journal = {Soviet Mathematics Doklady},
	pages = {714--716},
	volume = {3}
}

@misc{TS91,
	title = {\href{https://lucasntt.github.io/library.html?tags=TS91}{{Ordered} {Fast} {Fourier} {Transforms} {on} {a} {Massively} {Parallel} {Hypercube} {Multiprocessor}}},
	year = {1991},
	author = {Tong, Charles and Swarztrauber, Paul N.}
}

@misc{Tsu09,
	title = {\href{https://lucasntt.github.io/library.html?tags=Tsu09}{{Primality} {Tests} {For} {2kn} {-} {1} {Using} {Elliptic} {Curves}}},
	year = {2009},
	author = {Tsumura, Yu}
}

@misc{vdH04,
	title = {\href{https://lucasntt.github.io/library.html?tags=vdH04}{{The} {Truncated} {Fourier} {Transform} {and} {Applications}}},
	year = {2004},
	author = {Hoeven, Joris van der}
}

@misc{vdH05,
	title = {\href{https://lucasntt.github.io/library.html?tags=vdH05}{{Notes} {on} {the} {Truncated} {Fourier} {Transform}}},
	year = {2005},
	author = {Hoeven, Joris van der}
}

@misc{Vit06,
	title = {\href{https://lucasntt.github.io/library.html?tags=Vit06}{{Parallel} {prefix} {adders}}},
	year = {2006},
	author = {Vitoroulis, Kostas}
}

@misc{VJMCPL15,
	title = {\href{https://lucasntt.github.io/library.html?tags=VJMCPL15}{{Fast} {Convolutional} {Nets} {With} {fbfft} {-} {A} {GPU} {Performance} {Evaluation}}},
	year = {2015},
	author = {Vasilache, Nicolas and Johnson, Jeff and Mathieu, Michael and Chintala, Soumith and Piantino, Serkan and LeCun, Yann}
}

@misc{VK08,
	title = {\href{https://lucasntt.github.io/library.html?tags=VK08}{{Fitting} {FFT} {onto} {the} {G80} {Architecture}}},
	year = {2008},
	author = {Volkov, Vasily and Kazian, Brian}
}

@misc{VSBBR08,
	title = {\href{https://lucasntt.github.io/library.html?tags=VSBBR08}{{Extended} {Number} {Theoretic} {Transforms}}},
	year = {2008},
	author = {Vukoslavcevic, Milan and Senk, Vojin and Bajic, Dragana and Baralic, Djordje and Richter, Mathias}
}

@misc{War12,
	title = {\href{https://lucasntt.github.io/library.html?tags=War12}{{Montgomery} {Multiplication}}},
	year = {2012},
	author = {Warren, Henry S.}
}

@misc{WFF11,
	title = {\href{https://lucasntt.github.io/library.html?tags=WFF11}{{Floating} {Point} {and} {IEEE} {754} {Compliance} {for} {NVIDIA} {GPUs}}},
	year = {2011},
	author = {Whitehead, Nathan and Fit-Florea, Alex}
}

@article{Win76,
	title = {\href{https://lucasntt.github.io/library.html?tags=Win76}{{On} {computing} {the} {Discrete} {Fourier} {Transform}}},
	year = {1976},
	author = {Winograd, Shmuel},
	doi = {10.1073/pnas.73.4.1005},
	url = {https://doi.org/10.1073%2Fpnas.73.4.1005},
	month = {apr},
	publisher = {Proceedings of the National Academy of Sciences},
	volume = {73},
	number = {4},
	pages = {1005--1006},
	journal = {Proceedings of the National Academy of Sciences}
}

@article{Win78,
	title = {\href{https://lucasntt.github.io/library.html?tags=Win78}{{On} {Computing} {the} {Discrete} {Fourier} {Transform}}},
	year = {1978},
	author = {Winograd, Shmuel},
	doi = {10.1090/s0025-5718-1978-0468306-4},
	url = {https://doi.org/10.1090%2Fs0025-5718-1978-0468306-4},
	month = {jan},
	publisher = {American Mathematical Society ({AMS})},
	volume = {32},
	number = {141},
	pages = {175--175},
	journal = {Mathematics of Computation}
}

@misc{WJ12,
	title = {\href{https://lucasntt.github.io/library.html?tags=WJ12}{{Optimized} {Strategies} {for} {Mapping} {Three-dimensional} {FFTs} {onto} {CUDA} {GPUs}}},
	year = {2012},
	author = {Wu and JaJa}
}

@misc{WJ13,
	title = {\href{https://lucasntt.github.io/library.html?tags=WJ13}{{High} {Performance} {FFT} {Based} {Poisson} {Solver} {on} {a} {CPU-GPU} {Heterogeneous} {Platform}}},
	year = {2013},
	author = {Wu, Jing and JaJa, Joseph}
}

@misc{WJB13,
	title = {\href{https://lucasntt.github.io/library.html?tags=WJB13}{{An} {Optimized} {FFT-based} {Direct} {Poisson} {Solver} {on} {CUDA} {GPUs}}},
	year = {2013},
	author = {Wu, Jing and JaJa, Joseph and Balaras, Elias}
}

@misc{Wol99,
	title = {\href{https://lucasntt.github.io/library.html?tags=Wol99}{{On} {the} {discovery} {of} {the} {38th} {known} {Mersenne} {prime}}},
	year = {1999},
	author = {Woltman, George}
}

@misc{WS58,
	title = {\href{https://lucasntt.github.io/library.html?tags=WS58}{{A} {Logic} {for} {High-Speed} {Addition}}},
	year = {1958},
	author = {Weinberger, A. and Smith, J. L.}
}

@misc{Wu98,
	title = {\href{https://lucasntt.github.io/library.html?tags=Wu98}{{Implementing} {the} {Radix-4} {Decimation} {in} {Frequency} {(DIF)} {Fast} {Fourier} {Transform} {(FFT)} {Algorithm} {Using} {a} {TMS320C80} {DSP}}},
	year = {1998},
	author = {Wu, Charles}
}

@misc{WYCW10,
	title = {\href{https://lucasntt.github.io/library.html?tags=WYCW10}{{Prime} {Factor} {Cyclotomic} {Fourier} {Transforms} {With} {Reduced} {Complexity} {Over} {Finite} {Fields}}},
	year = {2010},
	author = {Wu, Xuebin and Yan, Zhiyuan and Chen, Ning and Wagh, Meghanad}
}

@misc{XF09,
	title = {\href{https://lucasntt.github.io/library.html?tags=XF09}{{Inter-Block} {GPU} {Communication} {via} {Fast} {Barrier} {Synchronization}}},
	year = {2009},
	author = {Xiao, Shucai and Feng, Wu-chun}
}

@misc{YCKM10,
	title = {\href{https://lucasntt.github.io/library.html?tags=YCKM10}{{Reconfigurable} {Number} {Theoretic} {Transform} {Architectures} {for} {Cryptographic} {Applications}}},
	year = {2010},
	author = {Yao, Gavin Xiaoxu and Cheung, Ray C.C. and Koç, Cetin Kaya and Man, Kim Fung}
}

@misc{YFL12,
	title = {\href{https://lucasntt.github.io/library.html?tags=YFL12}{{Implementation} {of} {Mersenne} {primes} {solution} {algorithm} {based} {on} {CUDA}}},
	year = {2012},
	author = {Yang, Dong and Fan, Xiaoya and Li, Yuyan}
}

@misc{YKI05,
	title = {\href{https://lucasntt.github.io/library.html?tags=YKI05}{{Vector-Parallel} {Algorithms} {for} {1-Dimensional} {Fast} {Fourier} {Transform}}},
	year = {2005},
	author = {Yamamoto, Yusaku and Kawamura, Hiroki and Igai, Mitsuyoshi}
}

@misc{ZC10,
	title = {\href{https://lucasntt.github.io/library.html?tags=ZC10}{{GPUMP} {a} {Multiple-Precision} {Integer} {Library} {for} {GPUs}}},
	year = {2010},
	author = {Zhao and Chu}
}

@article{ZGH17,
	title = {\href{https://lucasntt.github.io/library.html?tags=ZGH17}{{Vectorizable} {Design} {and} {Implementation} {of} {FFT} {Based} {on} {Fused} {Multiply-add} {Architectures}}},
	year = {2017},
	author = {Zhang, Junyang and Guo, Yang and Hu, Xiao},
	doi = {10.12783/dtetr/iceta2016/6968},
	url = {https://doi.org/10.12783%2Fdtetr%2Ficeta2016%2F6968},
	month = {apr},
	publisher = {{DEStech} Publications},
	number = {iceta},
	journal = {{DEStech} Transactions on Engineering and Technology Research}
}

@misc{Zha09,
	title = {\href{https://lucasntt.github.io/library.html?tags=Zha09}{{Implementation} {of} {Multiple-precision} {Modular} {Multiplication} {on} {GPU}}},
	year = {2009},
	author = {Zhao, Kaiyong}
}

@misc{Zim91,
	title = {\href{https://lucasntt.github.io/library.html?tags=Zim91}{{Multiplication} {rapide} {en} {LE_LISP}}},
	year = {1991},
	author = {Zimmermann, Paul}
}

@misc{Zim92,
	title = {\href{https://lucasntt.github.io/library.html?tags=Zim92}{{An} {implementation} {of} {Shönhage's} {multiplication} {algorithm}}},
	year = {1992},
	author = {Zimmermann, Paul}
}

@incollection{ZPLJZ15,
	title = {\href{https://lucasntt.github.io/library.html?tags=ZPLJZ15}{{Exploiting} {the} {Potential} {of} {GPUs} {for} {Modular} {Multiplication} {in} {ECC}}},
	year = {2015},
	author = {Zheng, Fangyu and Pan, Wuqiong and Lin, Jingqiang and Jing, Jiwu and Zhao, Yuan},
	doi = {10.1007/978-3-319-15087-1_23},
	url = {https://doi.org/10.1007%2F978-3-319-15087-1_23},
	publisher = {Springer International Publishing},
	pages = {295--306},
	booktitle = {Information Security Applications}
}

@misc{Zur94,
	title = {\href{https://lucasntt.github.io/library.html?tags=Zur94}{{More} {On} {Squaring} {and} {Multiplying} {Large} {Integers}}},
	year = {1994},
	author = {Zuras, Dan}
}

@inbook{Bar87,
	title = {\href{https://lucasntt.github.io/library.html?tags=Bar87}{{Implementing} {the} {Rivest} {Shamir} {and} {Adleman} {Public} {Key} {Encryption} {Algorithm} {on} {a} {Standard} {Digital} {Signal} {Processor}}},
	year = {1987},
	author = {Barrett, Paul},
	isbn = {9783540180470},
	url = {http://dx.doi.org/10.1007/3-540-47721-7_24},
	doi = {10.1007/3-540-47721-7_24},
	booktitle = {Advances in Cryptology — CRYPTO’ 86},
	publisher = {Springer Berlin Heidelberg},
	pages = {311–323}
}

